timestamp,symbol,price,quantity
2025-06-22 08:16:20.397785+00:00, ETH-USD, 2272.39, 0.0047659
2025-06-22 08:16:20.397785+00:00, ETH-USD, 2272.39, 0.00239395
2025-06-22 08:16:21.518182+00:00, BTC-USD, 102441.38, 6.1e-07
2025-06-22 08:16:22.256175+00:00, BTC-USD, 102441.49, 6e-07
2025-06-22 08:16:23.285198+00:00, BTC-USD, 102441.5, 1.7e-07
2025-06-22 08:16:23.794968+00:00, BTC-USD, 102441.5, 1.8e-07
2025-06-22 08:16:24.733158+00:00, ETH-USD, 2272.49, 0.00010334
2025-06-22 08:16:24.733158+00:00, ETH-USD, 2272.69, 0.00016161
2025-06-22 08:16:24.815358+00:00, BTC-USD, 102441.49, 2e-05
2025-06-22 08:16:25.231622+00:00, BTC-USD, 102441.5, 5.36e-06
2025-06-22 08:16:26.295144+00:00, BTC-USD, 102441.5, 0.00019713
2025-06-22 08:16:26.396076+00:00, ETH-USD, 2272.5, 0.03523
2025-06-22 08:16:26.396076+00:00, ETH-USD, 2272.5, 0.01477
2025-06-22 08:16:26.598761+00:00, BTC-USD, 102441.5, 0.00193632
2025-06-22 08:16:26.970277+00:00, ETH-USD, 2272.51, 0.00308877
2025-06-22 08:16:27.489344+00:00, ETH-USD, 2272.58, 0.75
2025-06-22 08:16:28.403947+00:00, ETH-USD, 2272.51, 0.00087569
2025-06-22 08:16:29.082283+00:00, ETH-USD, 2272.5, 0.01992115
2025-06-22 08:16:30.404592+00:00, ETH-USD, 2272.5, 0.00117603
2025-06-22 08:16:30.638849+00:00, ETH-USD, 2272.48, 8.8e-06
2025-06-22 08:16:30.638849+00:00, ETH-USD, 2272.33, 0.0131759
2025-06-22 08:16:30.638849+00:00, ETH-USD, 2272.33, 0.00263
2025-06-22 08:16:30.943993+00:00, ETH-USD, 2272.3, 0.03523302
2025-06-22 08:16:30.943993+00:00, ETH-USD, 2272.3, 0.00929698
2025-06-22 08:16:30.944084+00:00, BTC-USD, 102440.64, 0.00925235
2025-06-22 08:16:30.944084+00:00, BTC-USD, 102440.64, 7.083e-05
2025-06-22 08:16:30.944084+00:00, BTC-USD, 102440.64, 0.00348359
2025-06-22 08:16:30.948019+00:00, ETH-USD, 2272.3, 1.076e-05
2025-06-22 08:16:30.955091+00:00, BTC-USD, 102440.64, 0.00195194
2025-06-22 08:16:30.955091+00:00, BTC-USD, 102440.54, 0.00925235
2025-06-22 08:16:31.017980+00:00, ETH-USD, 2272.3, 0.0089
2025-06-22 08:16:31.350818+00:00, BTC-USD, 102431.95, 0.00329682
2025-06-22 08:16:32.598959+00:00, BTC-USD, 102434.79, 0.00138882
2025-06-22 08:16:33.237667+00:00, ETH-USD, 2272.01, 0.00010334
2025-06-22 08:16:33.237667+00:00, ETH-USD, 2272.01, 0.00031
2025-06-22 08:16:33.237667+00:00, ETH-USD, 2272.39, 0.001
2025-06-22 08:16:33.508661+00:00, BTC-USD, 102434.79, 0.00087671
2025-06-22 08:16:33.724690+00:00, ETH-USD, 2272.46, 0.10144
2025-06-22 08:16:33.724690+00:00, ETH-USD, 2272.44, 0.04856
2025-06-22 08:16:35.205146+00:00, ETH-USD, 2272.46, 0.02028
2025-06-22 08:16:36.207939+00:00, ETH-USD, 2272.32, 0.00042696
2025-06-22 08:16:36.563556+00:00, ETH-USD, 2272.2, 0.0245
2025-06-22 08:16:36.734385+00:00, BTC-USD, 102431.95, 0.00289949
2025-06-22 08:16:36.761855+00:00, BTC-USD, 102431.94, 0.00029293
2025-06-22 08:16:37.373846+00:00, ETH-USD, 2272.19, 0.09954
2025-06-22 08:16:37.373846+00:00, ETH-USD, 2272.08, 0.0749
2025-06-22 08:16:37.609729+00:00, BTC-USD, 102431.95, 0.00017888
2025-06-22 08:16:37.643411+00:00, ETH-USD, 2272.35, 0.04356416
2025-06-22 08:16:38.394185+00:00, ETH-USD, 2272.26, 0.08711689
2025-06-22 08:16:38.752091+00:00, BTC-USD, 102431.95, 3.875e-05
2025-06-22 08:16:38.802020+00:00, BTC-USD, 102431.95, 9.664e-05
2025-06-22 08:16:38.913720+00:00, ETH-USD, 2272.09, 0.2200617
2025-06-22 08:16:38.913720+00:00, ETH-USD, 2272.09, 0.04401
2025-06-22 08:16:38.913720+00:00, ETH-USD, 2272.08, 0.16141104
2025-06-22 08:16:38.913720+00:00, ETH-USD, 2272.07, 0.33451726
2025-06-22 08:16:39.237990+00:00, BTC-USD, 102431.95, 8.708e-05
2025-06-22 08:16:39.283984+00:00, BTC-USD, 102431.95, 9.665e-05
2025-06-22 08:16:39.405023+00:00, BTC-USD, 102431.95, 0.0002272
2025-06-22 08:16:39.496307+00:00, BTC-USD, 102431.94, 5.886e-05
2025-06-22 08:16:40.365974+00:00, BTC-USD, 102431.94, 8.6e-07
2025-06-22 08:16:40.894724+00:00, BTC-USD, 102431.94, 8.8e-07
2025-06-22 08:16:40.998155+00:00, BTC-USD, 102431.95, 8.708e-05
2025-06-22 08:16:41.124538+00:00, BTC-USD, 102431.95, 0.00018516
2025-06-22 08:16:41.387091+00:00, ETH-USD, 2272.26, 0.1
2025-06-22 08:16:41.387091+00:00, ETH-USD, 2272.27, 0.04609919
2025-06-22 08:16:41.813960+00:00, BTC-USD, 102431.95, 0.00083395
2025-06-22 08:16:41.944985+00:00, BTC-USD, 102431.95, 2.6e-07
2025-06-22 08:16:42.390255+00:00, BTC-USD, 102432.05, 2.899e-05
2025-06-22 08:16:42.455730+00:00, BTC-USD, 102432.05, 2.6e-07
2025-06-22 08:16:42.656010+00:00, BTC-USD, 102432.05, 1.942e-05
2025-06-22 08:16:42.915313+00:00, BTC-USD, 102432.05, 0.00094057
2025-06-22 08:16:43.198514+00:00, ETH-USD, 2272.35, 0.00392575
2025-06-22 08:16:43.957312+00:00, BTC-USD, 102432.15, 0.00018972
2025-06-22 08:16:43.969563+00:00, BTC-USD, 102432.15, 0.0002416
2025-06-22 08:16:44.647697+00:00, BTC-USD, 102432.15, 9.664e-05
2025-06-22 08:16:44.664890+00:00, ETH-USD, 2272.19, 0.02087039
2025-06-22 08:16:45.025402+00:00, ETH-USD, 2272.1, 0.04401
2025-06-22 08:16:45.025402+00:00, ETH-USD, 2272.01, 0.4589169
2025-06-22 08:16:45.025402+00:00, ETH-USD, 2271.94, 0.22007526
2025-06-22 08:16:45.025402+00:00, ETH-USD, 2271.9, 0.03424306
2025-06-22 08:16:45.025402+00:00, ETH-USD, 2271.89, 0.44902107
2025-06-22 08:16:45.461451+00:00, ETH-USD, 2272.1, 0.0088
2025-06-22 08:16:45.461451+00:00, ETH-USD, 2271.99, 0.2112
2025-06-22 08:16:45.747798+00:00, BTC-USD, 102432.15, 0.0004832
2025-06-22 08:16:45.898035+00:00, BTC-USD, 102432.15, 8.707e-05
2025-06-22 08:16:45.927298+00:00, ETH-USD, 2271.99, 0.08767
2025-06-22 08:16:45.927298+00:00, ETH-USD, 2271.98, 0.012309
2025-06-22 08:16:46.057688+00:00, ETH-USD, 2272.21, 0.03322013
2025-06-22 08:16:46.324964+00:00, BTC-USD, 102432.15, 0.00479427
2025-06-22 08:16:46.324964+00:00, BTC-USD, 102432.17, 0.00487068
2025-06-22 08:16:46.994819+00:00, ETH-USD, 2272.31, 0.02793109
2025-06-22 08:16:46.994819+00:00, ETH-USD, 2272.32, 0.13810921
2025-06-22 08:16:48.998804+00:00, ETH-USD, 2272.18, 0.00130711
2025-06-22 08:16:49.139978+00:00, BTC-USD, 102432.25, 0.00015116
2025-06-22 08:16:49.256508+00:00, ETH-USD, 2272.17, 0.0091527
2025-06-22 08:16:49.902418+00:00, ETH-USD, 2272.27, 0.0651
2025-06-22 08:16:50.550067+00:00, ETH-USD, 2272.38, 0.0417
2025-06-22 08:16:53.248333+00:00, BTC-USD, 102432.25, 0.00052513
2025-06-22 08:16:54.314521+00:00, ETH-USD, 2272.56, 0.001
2025-06-22 08:16:54.314521+00:00, ETH-USD, 2272.64, 0.00010337
2025-06-22 08:16:54.314521+00:00, ETH-USD, 2272.64, 0.00045836
2025-06-22 08:16:54.314521+00:00, ETH-USD, 2272.69, 0.00066024
2025-06-22 08:16:54.314521+00:00, ETH-USD, 2272.73, 0.001
2025-06-22 08:16:54.314521+00:00, ETH-USD, 2272.74, 0.04511477
2025-06-22 08:16:54.741526+00:00, BTC-USD, 102432.35, 0.00073705
2025-06-22 08:16:54.747173+00:00, BTC-USD, 102432.34, 8.9e-07
2025-06-22 08:16:55.264324+00:00, BTC-USD, 102431.96, 8.2e-07
2025-06-22 08:16:55.800544+00:00, BTC-USD, 102431.96, 4.3e-07
2025-06-22 08:16:55.807407+00:00, BTC-USD, 102431.97, 0.0002272
2025-06-22 08:16:56.141881+00:00, BTC-USD, 102431.96, 0.00022486
2025-06-22 08:16:56.183329+00:00, BTC-USD, 102431.97, 2.5e-07
2025-06-22 08:16:56.685227+00:00, BTC-USD, 102431.97, 2.5e-07
2025-06-22 08:16:57.336232+00:00, BTC-USD, 102431.96, 0.00052513
2025-06-22 08:16:58.397515+00:00, BTC-USD, 102431.97, 0.00014496
2025-06-22 08:16:59.711836+00:00, ETH-USD, 2272.56, 0.00041339
2025-06-22 08:16:59.711836+00:00, ETH-USD, 2272.56, 0.00155024
2025-06-22 08:17:00.389723+00:00, ETH-USD, 2272.56, 0.00031
2025-06-22 08:17:00.389723+00:00, ETH-USD, 2272.56, 0.00010335
2025-06-22 08:17:00.389723+00:00, ETH-USD, 2272.9, 0.001
2025-06-22 08:17:00.389723+00:00, ETH-USD, 2272.93, 0.02309736
2025-06-22 08:17:01.967844+00:00, ETH-USD, 2272.87, 0.01699889
2025-06-22 08:17:02.501835+00:00, BTC-USD, 102432.45, 0.00282041
2025-06-22 08:17:02.501835+00:00, BTC-USD, 102433.99, 0.00168663
2025-06-22 08:17:03.177107+00:00, BTC-USD, 102440.05, 0.00036736
2025-06-22 08:17:03.475695+00:00, BTC-USD, 102440.04, 0.00068338
2025-06-22 08:17:03.480849+00:00, ETH-USD, 2272.93, 0.00127463
2025-06-22 08:17:03.480849+00:00, ETH-USD, 2272.93, 9.775e-05
2025-06-22 08:17:03.480849+00:00, ETH-USD, 2272.93, 6.859e-05
2025-06-22 08:17:03.480849+00:00, ETH-USD, 2273.0, 0.02848149
2025-06-22 08:17:03.698974+00:00, ETH-USD, 2272.79, 0.21999392
2025-06-22 08:17:03.698974+00:00, ETH-USD, 2272.79, 0.11000608
2025-06-22 08:17:05.248930+00:00, BTC-USD, 102439.67, 0.00010428
2025-06-22 08:17:06.580185+00:00, ETH-USD, 2273.0, 2.27698115
2025-06-22 08:17:06.598681+00:00, ETH-USD, 2273.0, 0.4030929
2025-06-22 08:17:06.613692+00:00, ETH-USD, 2273.0, 0.33164385
2025-06-22 08:17:06.614065+00:00, ETH-USD, 2273.0, 1.480877
2025-06-22 08:17:06.618945+00:00, ETH-USD, 2273.0, 0.57523477
2025-06-22 08:17:06.618945+00:00, ETH-USD, 2273.0, 0.00010897
2025-06-22 08:17:06.689508+00:00, BTC-USD, 102439.67, 0.00081002
2025-06-22 08:17:06.858151+00:00, ETH-USD, 2273.07, 0.001
2025-06-22 08:17:06.859485+00:00, ETH-BTC, 0.02219, 0.00557021
2025-06-22 08:17:06.940740+00:00, ETH-USD, 2273.24, 0.001
2025-06-22 08:17:08.186842+00:00, ETH-USD, 2273.41, 0.001
2025-06-22 08:17:08.186842+00:00, ETH-USD, 2273.41, 0.00047778
2025-06-22 08:17:08.479959+00:00, BTC-USD, 102441.5, 0.00134265
2025-06-22 08:17:08.663309+00:00, BTC-USD, 102441.49, 8.9e-07
2025-06-22 08:17:09.188272+00:00, BTC-USD, 102441.49, 8.9e-07
2025-06-22 08:17:10.214943+00:00, BTC-USD, 102440.57, 2.6e-07
2025-06-22 08:17:10.558918+00:00, ETH-USD, 2273.57, 0.36099
2025-06-22 08:17:10.558918+00:00, ETH-USD, 2273.57, 0.09592403
2025-06-22 08:17:10.750762+00:00, BTC-USD, 102441.05, 2.6e-07
2025-06-22 08:17:11.109546+00:00, BTC-USD, 102435.83, 0.00064
2025-06-22 08:17:11.595324+00:00, ETH-USD, 2273.32, 0.02062622
2025-06-22 08:17:11.595324+00:00, ETH-USD, 2273.32, 0.00411378
2025-06-22 08:17:11.598552+00:00, ETH-USD, 2273.32, 0.06016225
2025-06-22 08:17:11.598552+00:00, ETH-USD, 2273.32, 0.02794151
2025-06-22 08:17:11.598552+00:00, ETH-USD, 2273.32, 0.00091849
2025-06-22 08:17:12.546979+00:00, ETH-USD, 2273.02, 0.00699
2025-06-22 08:17:12.546979+00:00, ETH-USD, 2272.99, 0.03905428
2025-06-22 08:17:12.546979+00:00, ETH-USD, 2272.99, 0.02039164
2025-06-22 08:17:12.546481+00:00, BTC-USD, 102437.24, 0.00141349
2025-06-22 08:17:12.864308+00:00, BTC-USD, 102432.11, 4.5e-07
2025-06-22 08:17:13.272447+00:00, BTC-USD, 102432.11, 0.00093028
2025-06-22 08:17:14.619538+00:00, ETH-USD, 2272.66, 0.00587
2025-06-22 08:17:14.619538+00:00, ETH-USD, 2272.66, 0.00119243
2025-06-22 08:17:14.619538+00:00, ETH-USD, 2272.66, 0.00489734
2025-06-22 08:17:14.619538+00:00, ETH-USD, 2272.66, 1.76e-05
2025-06-22 08:17:14.619538+00:00, ETH-USD, 2272.64, 0.01093001
2025-06-22 08:17:14.619538+00:00, ETH-USD, 2272.64, 0.00978157
2025-06-22 08:17:14.619538+00:00, ETH-USD, 2272.56, 0.001
2025-06-22 08:17:14.619538+00:00, ETH-USD, 2272.52, 0.16952409
2025-06-22 08:17:14.619538+00:00, ETH-USD, 2272.52, 0.46878937
2025-06-22 08:17:14.626027+00:00, ETH-USD, 2272.64, 0.00414
2025-06-22 08:17:14.626027+00:00, ETH-USD, 2272.52, 0.09375
2025-06-22 08:17:15.577013+00:00, ETH-USD, 2272.4, 0.01089085
2025-06-22 08:17:17.675343+00:00, ETH-USD, 2272.39, 0.001
2025-06-22 08:17:17.675343+00:00, ETH-USD, 2272.39, 6.026e-05
2025-06-22 08:17:17.768569+00:00, ETH-USD, 2272.39, 0.00208285
2025-06-22 08:17:17.768569+00:00, ETH-USD, 2272.39, 0.00062
2025-06-22 08:17:17.768569+00:00, ETH-USD, 2272.39, 0.01400727
2025-06-22 08:17:17.768569+00:00, ETH-USD, 2272.39, 0.00293
2025-06-22 08:17:17.768569+00:00, ETH-USD, 2272.39, 0.00497713
2025-06-22 08:17:17.768569+00:00, ETH-USD, 2272.39, 0.01341
2025-06-22 08:17:17.768569+00:00, ETH-USD, 2272.39, 4.4e-06
2025-06-22 08:17:17.768569+00:00, ETH-USD, 2272.39, 0.05915
2025-06-22 08:17:17.768569+00:00, ETH-USD, 2272.37, 0.22003447
2025-06-22 08:17:17.768569+00:00, ETH-USD, 2272.33, 0.15409052
2025-06-22 08:17:17.768569+00:00, ETH-USD, 2272.32, 0.33720812
2025-06-22 08:17:17.768569+00:00, ETH-USD, 2272.24, 0.03152652
2025-06-22 08:17:17.768569+00:00, ETH-USD, 2272.23, 0.18179768
2025-06-22 08:17:21.120364+00:00, BTC-USD, 102431.97, 0.00092593
2025-06-22 08:17:21.727821+00:00, BTC-USD, 102431.96, 0.0004315
2025-06-22 08:17:22.053049+00:00, BTC-USD, 102431.94, 0.00010074
2025-06-22 08:17:22.269532+00:00, BTC-USD, 102431.94, 4.843e-05
2025-06-22 08:17:22.837495+00:00, BTC-USD, 102431.95, 5.8e-07
2025-06-22 08:17:23.197944+00:00, ETH-USD, 2272.39, 3.96e-05
2025-06-22 08:17:23.197944+00:00, ETH-USD, 2272.39, 0.01183
2025-06-22 08:17:23.197944+00:00, ETH-USD, 2272.39, 0.2081304
2025-06-22 08:17:23.490502+00:00, BTC-USD, 102431.96, 5.9e-07
2025-06-22 08:17:24.417580+00:00, BTC-USD, 102431.97, 1.7e-07
2025-06-22 08:17:24.645295+00:00, BTC-USD, 102431.97, 0.01
2025-06-22 08:17:25.055137+00:00, BTC-USD, 102431.97, 1.8e-07
2025-06-22 08:17:28.861642+00:00, ETH-USD, 2272.39, 0.00221077
2025-06-22 08:17:30.899162+00:00, ETH-USD, 2272.4, 0.00010335
2025-06-22 08:17:30.899162+00:00, ETH-USD, 2272.49, 0.21785306
2025-06-22 08:17:30.899162+00:00, ETH-USD, 2272.51, 0.71895866
2025-06-22 08:17:30.899162+00:00, ETH-USD, 2272.52, 0.06308493
2025-06-22 08:17:31.005975+00:00, BTC-USD, 102431.95, 0.00948712
2025-06-22 08:17:31.761809+00:00, BTC-USD, 102431.95, 0.00599073
2025-06-22 08:17:31.855472+00:00, ETH-USD, 2272.4, 0.02
2025-06-22 08:17:31.855472+00:00, ETH-USD, 2272.39, 8.8e-06
2025-06-22 08:17:31.855472+00:00, ETH-USD, 2272.39, 0.010808
2025-06-22 08:17:31.855472+00:00, ETH-USD, 2272.39, 0.00700143
2025-06-22 08:17:31.855472+00:00, ETH-USD, 2272.39, 8.8e-06
2025-06-22 08:17:31.855472+00:00, ETH-USD, 2272.39, 0.01237463
2025-06-22 08:17:31.855472+00:00, ETH-USD, 2272.39, 4.4e-06
2025-06-22 08:17:31.855472+00:00, ETH-USD, 2272.39, 0.00112307
2025-06-22 08:17:31.855472+00:00, ETH-USD, 2272.39, 4.4e-06
2025-06-22 08:17:31.855472+00:00, ETH-USD, 2272.39, 0.01237463
2025-06-22 08:17:31.855472+00:00, ETH-USD, 2272.39, 0.00021981
2025-06-22 08:17:32.661947+00:00, ETH-USD, 2272.39, 0.00877
2025-06-22 08:17:32.672513+00:00, ETH-USD, 2272.39, 0.00175
2025-06-22 08:17:32.720551+00:00, BTC-USD, 102431.94, 0.00174931
2025-06-22 08:17:32.720551+00:00, BTC-USD, 102431.94, 3.31e-06
2025-06-22 08:17:32.720551+00:00, BTC-USD, 102431.94, 4.87e-06
2025-06-22 08:17:32.720551+00:00, BTC-USD, 102431.94, 8.184e-05
2025-06-22 08:17:32.720551+00:00, BTC-USD, 102430.72, 0.00195215
2025-06-22 08:17:32.720551+00:00, BTC-USD, 102429.74, 0.00975886
2025-06-22 08:17:33.473645+00:00, BTC-USD, 102423.22, 0.00989795
2025-06-22 08:17:33.689552+00:00, ETH-USD, 2272.05, 0.001
2025-06-22 08:17:33.689552+00:00, ETH-USD, 2272.05, 0.08094
2025-06-22 08:17:33.689552+00:00, ETH-USD, 2272.05, 0.01396096
2025-06-22 08:17:33.689552+00:00, ETH-USD, 2272.05, 0.01419422
2025-06-22 08:17:33.689552+00:00, ETH-USD, 2272.0, 0.25
2025-06-22 08:17:33.689552+00:00, ETH-USD, 2271.98, 0.00044301
2025-06-22 08:17:34.232139+00:00, ETH-USD, 2271.88, 0.001
2025-06-22 08:17:34.232139+00:00, ETH-USD, 2271.88, 0.01765498
2025-06-22 08:17:34.232139+00:00, ETH-USD, 2271.88, 1.76e-05
2025-06-22 08:17:34.232139+00:00, ETH-USD, 2271.88, 0.00373
2025-06-22 08:17:34.232139+00:00, ETH-USD, 2271.8, 0.40374837
2025-06-22 08:17:34.236260+00:00, ETH-USD, 2271.8, 0.08074
2025-06-22 08:17:35.022474+00:00, ETH-USD, 2271.71, 0.001
2025-06-22 08:17:35.022474+00:00, ETH-USD, 2271.71, 0.00698152
2025-06-22 08:17:35.022474+00:00, ETH-USD, 2271.71, 0.00159
2025-06-22 08:17:35.022474+00:00, ETH-USD, 2271.71, 0.00346435
2025-06-22 08:17:35.626693+00:00, BTC-USD, 102417.95, 0.01141728
2025-06-22 08:17:35.626693+00:00, BTC-USD, 102417.95, 2.431e-05
2025-06-22 08:17:35.631862+00:00, ETH-USD, 2271.54, 0.001
2025-06-22 08:17:36.672446+00:00, BTC-USD, 102411.16, 0.00015502
2025-06-22 08:17:36.672446+00:00, BTC-USD, 102411.16, 4.354e-05
2025-06-22 08:17:36.672446+00:00, BTC-USD, 102411.16, 0.0002003
2025-06-22 08:17:36.672446+00:00, BTC-USD, 102411.18, 0.00105088
2025-06-22 08:17:38.415391+00:00, BTC-USD, 102421.19, 1e-07
2025-06-22 08:17:38.521050+00:00, ETH-USD, 2271.59, 4.145e-05
2025-06-22 08:17:40.590379+00:00, BTC-USD, 102421.19, 9.76e-06
2025-06-22 08:17:40.803835+00:00, BTC-USD, 102421.19, 0.00014499
2025-06-22 08:17:41.031221+00:00, BTC-USD, 102421.18, 6e-07
2025-06-22 08:17:41.544737+00:00, BTC-USD, 102421.18, 5.9e-07
2025-06-22 08:17:41.761354+00:00, ETH-USD, 2271.6, 0.00010334
2025-06-22 08:17:41.761354+00:00, ETH-USD, 2271.6, 0.00098606
2025-06-22 08:17:41.792124+00:00, BTC-USD, 102421.18, 0.0011244
2025-06-22 08:17:41.909947+00:00, BTC-USD, 102421.19, 0.00049079
2025-06-22 08:17:42.299797+00:00, BTC-USD, 102421.19, 0.00024162
2025-06-22 08:17:42.311442+00:00, BTC-USD, 102421.19, 3.876e-05
2025-06-22 08:17:42.589562+00:00, ETH-USD, 2271.6, 0.29901394
2025-06-22 08:17:42.589562+00:00, ETH-USD, 2271.6, 0.00051673
2025-06-22 08:17:42.593465+00:00, BTC-USD, 102421.19, 1.7e-07
2025-06-22 08:17:43.105335+00:00, BTC-USD, 102421.19, 1.8e-07
2025-06-22 08:17:43.521309+00:00, BTC-USD, 102421.19, 5.151e-05
2025-06-22 08:17:43.521309+00:00, BTC-USD, 102421.19, 8.98e-06
2025-06-22 08:17:43.521309+00:00, BTC-USD, 102421.19, 3.807e-05
2025-06-22 08:17:43.521309+00:00, BTC-USD, 102421.21, 7.75e-06
2025-06-22 08:17:44.227352+00:00, ETH-USD, 2271.85, 0.0039253
2025-06-22 08:17:44.680544+00:00, BTC-USD, 102421.21, 5.37e-06
2025-06-22 08:17:44.714049+00:00, BTC-USD, 102421.21, 4.96e-06
2025-06-22 08:17:44.714049+00:00, BTC-USD, 102421.21, 2.504e-05
2025-06-22 08:17:44.714049+00:00, BTC-USD, 102421.21, 5.46e-06
2025-06-22 08:17:44.714049+00:00, BTC-USD, 102421.7, 0.04408365
2025-06-22 08:17:44.786439+00:00, ETH-USD, 2271.9, 3.981e-05
2025-06-22 08:17:44.786439+00:00, ETH-USD, 2271.92, 0.00093009
2025-06-22 08:17:44.828655+00:00, BTC-USD, 102421.7, 0.00591635
2025-06-22 08:17:44.828655+00:00, BTC-USD, 102421.7, 6.85e-06
2025-06-22 08:17:44.828655+00:00, BTC-USD, 102421.7, 2.9e-07
2025-06-22 08:17:44.828655+00:00, BTC-USD, 102421.7, 5.01e-06
2025-06-22 08:17:44.828655+00:00, BTC-USD, 102421.75, 0.03691793
2025-06-22 08:17:44.830226+00:00, BTC-USD, 102421.75, 0.01308207
2025-06-22 08:17:44.858917+00:00, ETH-USD, 2272.05, 0.001
2025-06-22 08:17:44.858917+00:00, ETH-USD, 2272.09, 0.19999793
2025-06-22 08:17:44.858917+00:00, ETH-USD, 2272.1, 0.19999369
2025-06-22 08:17:44.935064+00:00, ETH-USD, 2272.36, 0.5720873
2025-06-22 08:17:44.936465+00:00, ETH-USD, 2272.36, 0.77316124
2025-06-22 08:17:44.972470+00:00, ETH-USD, 2272.52, 0.10006766
2025-06-22 08:17:45.011285+00:00, BTC-USD, 102436.51, 0.00049
2025-06-22 08:17:45.993499+00:00, BTC-USD, 102441.54, 0.0003866
2025-06-22 08:17:46.236333+00:00, BTC-USD, 102441.51, 1.85e-06
2025-06-22 08:17:46.236333+00:00, BTC-USD, 102438.93, 0.01073197
2025-06-22 08:17:46.236333+00:00, BTC-USD, 102432.34, 0.00307199
2025-06-22 08:17:46.277715+00:00, ETH-USD, 2272.59, 0.0187428
2025-06-22 08:17:46.807073+00:00, BTC-USD, 102439.53, 0.00472436
2025-06-22 08:17:47.092727+00:00, ETH-USD, 2272.41, 0.00044013
2025-06-22 08:17:48.026901+00:00, ETH-USD, 2272.41, 0.00435728
2025-06-22 08:17:49.043246+00:00, ETH-USD, 2272.42, 0.00392532
2025-06-22 08:17:49.322040+00:00, BTC-USD, 102438.52, 0.00138905
2025-06-22 08:17:50.487686+00:00, BTC-USD, 102438.52, 0.00054607
2025-06-22 08:17:50.908390+00:00, BTC-USD, 102438.52, 0.00022722
2025-06-22 08:17:52.396482+00:00, BTC-USD, 102438.52, 3.012e-05
2025-06-22 08:17:52.983655+00:00, BTC-USD, 102438.51, 0.00014497
2025-06-22 08:17:54.736687+00:00, BTC-USD, 102438.5, 8.7e-07
2025-06-22 08:17:54.736687+00:00, BTC-USD, 102438.5, 3.174e-05
2025-06-22 08:17:54.736687+00:00, BTC-USD, 102437.14, 0.00045664
2025-06-22 08:17:55.513787+00:00, ETH-USD, 2272.49, 0.00016692
2025-06-22 08:17:55.513787+00:00, ETH-USD, 2272.61, 0.00131373
2025-06-22 08:17:55.833977+00:00, ETH-USD, 2272.64, 1.2825
2025-06-22 08:17:55.843223+00:00, ETH-USD, 2272.73, 0.19990569
2025-06-22 08:17:55.843223+00:00, ETH-USD, 2272.73, 9.431e-05
2025-06-22 08:17:56.356641+00:00, ETH-BTC, 0.02219, 0.00079577
2025-06-22 08:17:56.356641+00:00, ETH-BTC, 0.02219, 0.00407283
2025-06-22 08:17:57.249481+00:00, ETH-USD, 2272.73, 9.04e-06
2025-06-22 08:17:57.249481+00:00, ETH-USD, 2272.73, 0.00062006
2025-06-22 08:17:57.249481+00:00, ETH-USD, 2272.73, 0.04512397
2025-06-22 08:17:57.339558+00:00, BTC-USD, 102438.51, 2.457e-05
2025-06-22 08:17:57.796302+00:00, ETH-USD, 2272.72, 0.00495
2025-06-22 08:17:57.796302+00:00, ETH-USD, 2272.68, 0.01694475
2025-06-22 08:17:57.796302+00:00, ETH-USD, 2272.63, 0.0165051
2025-06-22 08:17:57.796302+00:00, ETH-USD, 2272.6, 0.3
2025-06-22 08:17:57.796302+00:00, ETH-USD, 2272.5, 0.16161969
2025-06-22 08:17:57.819433+00:00, BTC-USD, 102438.52, 1.492e-05
2025-06-22 08:17:57.819433+00:00, BTC-USD, 102438.52, 1.233e-05
2025-06-22 08:17:57.819433+00:00, BTC-USD, 102438.52, 3.22e-06
2025-06-22 08:17:57.819433+00:00, BTC-USD, 102438.52, 0.00043248
2025-06-22 08:17:58.565528+00:00, ETH-USD, 2272.61, 0.00545308
2025-06-22 08:17:58.889942+00:00, ETH-USD, 2272.61, 0.02092086
2025-06-22 08:17:59.605057+00:00, BTC-USD, 102438.5, 8.9e-07
2025-06-22 08:17:59.796868+00:00, ETH-USD, 2272.6, 0.06
2025-06-22 08:17:59.796868+00:00, ETH-USD, 2272.6, 0.3
2025-06-22 08:18:00.207056+00:00, BTC-USD, 102438.5, 8.3e-07
2025-06-22 08:18:01.157475+00:00, BTC-USD, 102438.52, 1.183e-05
2025-06-22 08:18:01.157475+00:00, BTC-USD, 102438.52, 1.762e-05
2025-06-22 08:18:01.157475+00:00, BTC-USD, 102438.52, 3.9e-06
2025-06-22 08:18:01.157475+00:00, BTC-USD, 102439.59, 0.00014554
2025-06-22 08:18:01.374660+00:00, BTC-USD, 102443.52, 2.5e-07
2025-06-22 08:18:01.755619+00:00, BTC-USD, 102443.52, 2.6e-07
2025-06-22 08:18:01.971184+00:00, BTC-USD, 102443.51, 0.00370958
2025-06-22 08:18:02.188398+00:00, BTC-USD, 102443.52, 1.049e-05
2025-06-22 08:18:02.188398+00:00, BTC-USD, 102443.52, 9.83e-06
2025-06-22 08:18:02.188398+00:00, BTC-USD, 102443.52, 8.62e-06
2025-06-22 08:18:02.188398+00:00, BTC-USD, 102443.54, 0.02071384
2025-06-22 08:18:02.188398+00:00, BTC-USD, 102444.8, 0.0227532
2025-06-22 08:18:02.188608+00:00, BTC-USD, 102444.8, 0.01879278
2025-06-22 08:18:02.189938+00:00, BTC-USD, 102444.8, 0.00845402
2025-06-22 08:18:02.189938+00:00, BTC-USD, 102444.85, 0.05
2025-06-22 08:18:02.211148+00:00, BTC-USD, 102445.38, 0.01270001
2025-06-22 08:18:02.211301+00:00, BTC-USD, 102445.38, 0.01660489
2025-06-22 08:18:02.219383+00:00, ETH-USD, 2272.73, 0.00018346
2025-06-22 08:18:02.219383+00:00, ETH-USD, 2272.73, 0.00010334
2025-06-22 08:18:02.219383+00:00, ETH-USD, 2272.9, 0.001
2025-06-22 08:18:02.219383+00:00, ETH-USD, 2272.96, 0.02603594
2025-06-22 08:18:02.219383+00:00, ETH-USD, 2272.99, 0.97006447
2025-06-22 08:18:02.438605+00:00, ETH-USD, 2273.07, 0.001
2025-06-22 08:18:02.438605+00:00, ETH-USD, 2273.07, 0.00031098
2025-06-22 08:18:02.460944+00:00, ETH-USD, 2273.24, 0.001
2025-06-22 08:18:02.473524+00:00, BTC-USD, 102451.2, 1.1e-05
2025-06-22 08:18:02.513711+00:00, BTC-USD, 102458.88, 1.1e-05
2025-06-22 08:18:02.513711+00:00, BTC-USD, 102461.52, 0.02930184
2025-06-22 08:18:02.767272+00:00, ETH-USD, 2273.58, 0.001
2025-06-22 08:18:03.119107+00:00, ETH-USD, 2273.6, 0.1
2025-06-22 08:18:03.119107+00:00, ETH-USD, 2273.6, 0.21991555
2025-06-22 08:18:03.119107+00:00, ETH-USD, 2273.6, 0.37568171
2025-06-22 08:18:03.119107+00:00, ETH-USD, 2273.6, 0.39932099
2025-06-22 08:18:03.220898+00:00, BTC-USD, 102464.08, 0.00031902
2025-06-22 08:18:03.452366+00:00, BTC-USD, 102464.08, 9.664e-05
2025-06-22 08:18:04.088559+00:00, ETH-USD, 2273.75, 0.001
2025-06-22 08:18:04.088559+00:00, ETH-USD, 2273.78, 0.00839075
2025-06-22 08:18:04.414166+00:00, ETH-USD, 2273.82, 0.00435622
2025-06-22 08:18:05.733080+00:00, BTC-USD, 102464.08, 9.664e-05
2025-06-22 08:18:05.802976+00:00, BTC-USD, 102464.08, 4.629e-05
2025-06-22 08:18:06.275106+00:00, BTC-USD, 102464.08, 0.0028993
2025-06-22 08:18:08.125483+00:00, BTC-USD, 102464.08, 0.00458
2025-06-22 08:18:08.128751+00:00, BTC-USD, 102464.08, 0.00033
2025-06-22 08:18:08.998838+00:00, ETH-USD, 2273.73, 0.02
2025-06-22 08:18:08.998838+00:00, ETH-USD, 2273.73, 0.01319857
2025-06-22 08:18:08.998838+00:00, ETH-USD, 2273.73, 0.01530964
2025-06-22 08:18:08.998838+00:00, ETH-USD, 2273.73, 0.03336367
2025-06-22 08:18:08.998838+00:00, ETH-USD, 2273.66, 0.03043111
2025-06-22 08:18:08.998838+00:00, ETH-USD, 2273.63, 0.01697285
2025-06-22 08:18:08.998838+00:00, ETH-USD, 2273.62, 0.00847107
2025-06-22 08:18:10.519678+00:00, BTC-USD, 102464.08, 0.00031479
2025-06-22 08:18:12.226534+00:00, BTC-USD, 102464.08, 0.00019193
2025-06-22 08:18:12.226534+00:00, BTC-USD, 102464.08, 3.41e-06
2025-06-22 08:18:12.226534+00:00, BTC-USD, 102464.08, 1.084e-05
2025-06-22 08:18:12.226534+00:00, BTC-USD, 102464.08, 1.642e-05
2025-06-22 08:18:12.226534+00:00, BTC-USD, 102464.1, 0.0017774
2025-06-22 08:18:13.975306+00:00, BTC-USD, 102466.55, 8.8e-07
2025-06-22 08:18:14.354041+00:00, BTC-USD, 102466.55, 8.4e-07
2025-06-22 08:18:15.334183+00:00, BTC-USD, 102466.56, 2.6e-07
2025-06-22 08:18:15.845498+00:00, BTC-USD, 102466.56, 2.5e-07
2025-06-22 08:18:16.154841+00:00, BTC-USD, 102466.56, 1.049e-05
2025-06-22 08:18:16.154841+00:00, BTC-USD, 102466.56, 1.252e-05
2025-06-22 08:18:16.154841+00:00, BTC-USD, 102466.56, 1.033e-05
2025-06-22 08:18:16.154841+00:00, BTC-USD, 102466.56, 2.73e-06
2025-06-22 08:18:16.154841+00:00, BTC-USD, 102466.58, 0.00022393
2025-06-22 08:18:16.921388+00:00, ETH-USD, 2273.56, 0.00043561
2025-06-22 08:18:16.921388+00:00, ETH-USD, 2273.66, 0.03956439
2025-06-22 08:18:17.509941+00:00, ETH-USD, 2273.56, 0.00031
2025-06-22 08:18:17.509941+00:00, ETH-USD, 2273.75, 0.00010335
2025-06-22 08:18:17.509941+00:00, ETH-USD, 2273.79, 0.07601414
2025-06-22 08:18:19.265576+00:00, BTC-USD, 102466.57, 0.00036755
2025-06-22 08:18:20.118894+00:00, BTC-USD, 102466.58, 9.83e-06
2025-06-22 08:18:20.118894+00:00, BTC-USD, 102466.58, 2.73e-06
2025-06-22 08:18:20.118894+00:00, BTC-USD, 102466.58, 1.251e-05
2025-06-22 08:18:20.118894+00:00, BTC-USD, 102472.37, 0.00090064
2025-06-22 08:18:21.684267+00:00, ETH-USD, 2273.78, 0.00439823
2025-06-22 08:18:21.689861+00:00, BTC-USD, 102474.24, 1.1e-05
2025-06-22 08:18:21.689861+00:00, BTC-USD, 102474.24, 2.82e-06
2025-06-22 08:18:21.689861+00:00, BTC-USD, 102474.24, 1.084e-05
2025-06-22 08:18:21.689861+00:00, BTC-USD, 102475.94, 7.014e-05
2025-06-22 08:18:22.063251+00:00, ETH-USD, 2273.79, 0.00020669
2025-06-22 08:18:22.063251+00:00, ETH-USD, 2273.82, 0.00019946
2025-06-22 08:18:22.063251+00:00, ETH-USD, 2273.92, 0.001
2025-06-22 08:18:22.180812+00:00, ETH-BTC, 0.02219, 0.01750709
2025-06-22 08:18:22.745793+00:00, ETH-USD, 2274.09, 0.001
2025-06-22 08:18:22.756552+00:00, ETH-USD, 2274.12, 0.19989072
2025-06-22 08:18:23.577616+00:00, ETH-USD, 2274.25, 0.01183
2025-06-22 08:18:23.577616+00:00, ETH-USD, 2274.25, 0.02236
2025-06-22 08:18:23.577616+00:00, ETH-USD, 2274.25, 0.2565
2025-06-22 08:18:23.577616+00:00, ETH-USD, 2274.25, 0.1
2025-06-22 08:18:23.577616+00:00, ETH-USD, 2274.25, 0.00858304
2025-06-22 08:18:23.577616+00:00, ETH-USD, 2274.25, 0.00846872
2025-06-22 08:18:23.577616+00:00, ETH-USD, 2274.25, 0.38816088
2025-06-22 08:18:23.907367+00:00, ETH-USD, 2274.26, 0.001
2025-06-22 08:18:23.907367+00:00, ETH-USD, 2274.26, 0.00010336
2025-06-22 08:18:24.074890+00:00, BTC-USD, 102476.28, 0.00020856
2025-06-22 08:18:24.078226+00:00, BTC-USD, 102476.29, 1.36e-06
2025-06-22 08:18:24.078226+00:00, BTC-USD, 102476.29, 1.253e-05
2025-06-22 08:18:24.093294+00:00, ETH-USD, 2274.38, 0.02215
2025-06-22 08:18:24.093294+00:00, ETH-USD, 2274.32, 1.09125208
2025-06-22 08:18:24.093294+00:00, ETH-USD, 2274.32, 0.1961
2025-06-22 08:18:24.096864+00:00, ETH-USD, 2274.42, 0.45298592
2025-06-22 08:18:24.096864+00:00, ETH-USD, 2274.42, 6.696e-05
2025-06-22 08:18:24.096864+00:00, ETH-USD, 2274.43, 0.001
2025-06-22 08:18:24.236616+00:00, ETH-USD, 2274.44, 0.9
2025-06-22 08:18:24.299436+00:00, ETH-USD, 2274.44, 0.2909773
2025-06-22 08:18:24.299436+00:00, ETH-USD, 2274.44, 0.21983433
2025-06-22 08:18:24.506178+00:00, BTC-USD, 102480.63, 0.00052813
2025-06-22 08:18:25.306795+00:00, BTC-USD, 102481.92, 1.1e-05
2025-06-22 08:18:25.438152+00:00, ETH-USD, 2274.43, 1.16969305
2025-06-22 08:18:25.438152+00:00, ETH-USD, 2274.43, 0.23393
2025-06-22 08:18:25.438152+00:00, ETH-USD, 2274.42, 1.2825
2025-06-22 08:18:25.438152+00:00, ETH-USD, 2274.41, 0.21983637
2025-06-22 08:18:25.438152+00:00, ETH-USD, 2274.34, 0.79024573
2025-06-22 08:18:25.438152+00:00, ETH-USD, 2274.33, 1.09922315
2025-06-22 08:18:25.438152+00:00, ETH-USD, 2274.32, 0.37900707
2025-06-22 08:18:26.053124+00:00, ETH-USD, 2274.08, 0.02473527
2025-06-22 08:18:26.053124+00:00, ETH-USD, 2274.08, 0.01693871
2025-06-22 08:18:26.053124+00:00, ETH-USD, 2274.08, 0.00833
2025-06-22 08:18:26.053124+00:00, ETH-USD, 2274.08, 0.00133405
2025-06-22 08:18:27.841706+00:00, BTC-USD, 102485.43, 8.5e-07
2025-06-22 08:18:28.485284+00:00, BTC-USD, 102485.48, 8.1e-07
2025-06-22 08:18:29.367884+00:00, BTC-USD, 102485.51, 2.5e-07
2025-06-22 08:18:29.866565+00:00, BTC-USD, 102485.51, 2.5e-07
2025-06-22 08:18:30.337056+00:00, ETH-USD, 2274.02, 0.0094907
2025-06-22 08:18:30.559992+00:00, ETH-USD, 2274.01, 0.14609783
2025-06-22 08:18:30.559992+00:00, ETH-USD, 2274.01, 0.01562438
2025-06-22 08:18:30.559992+00:00, ETH-USD, 2274.01, 0.0219568
2025-06-22 08:18:30.559992+00:00, ETH-USD, 2274.01, 0.03673
2025-06-22 08:18:30.564020+00:00, BTC-USD, 102485.04, 0.00195113
2025-06-22 08:18:30.564020+00:00, BTC-USD, 102485.04, 0.00975803
2025-06-22 08:18:30.564020+00:00, BTC-USD, 102485.04, 5.43e-05
2025-06-22 08:18:31.204062+00:00, BTC-USD, 102476.31, 0.0976064
2025-06-22 08:18:31.204062+00:00, BTC-USD, 102475.78, 0.01268892
2025-06-22 08:18:31.285362+00:00, ETH-USD, 2273.8, 0.00487
2025-06-22 08:18:32.312659+00:00, ETH-USD, 2273.5, 0.03690715
2025-06-22 08:18:32.312659+00:00, ETH-USD, 2273.5, 0.00738
2025-06-22 08:18:32.312659+00:00, ETH-USD, 2273.47, 0.04331982
2025-06-22 08:18:32.403373+00:00, BTC-USD, 102472.37, 0.00046278
2025-06-22 08:18:33.893988+00:00, BTC-USD, 102472.37, 0.0002008
2025-06-22 08:18:34.300757+00:00, ETH-USD, 2273.77, 0.02176762
2025-06-22 08:18:34.834105+00:00, BTC-USD, 102472.38, 0.00046279
2025-06-22 08:18:35.520001+00:00, ETH-USD, 2273.55, 0.04398
2025-06-22 08:18:35.574874+00:00, BTC-USD, 102472.37, 0.00236847
2025-06-22 08:18:35.893385+00:00, ETH-USD, 2273.41, 0.0208567
2025-06-22 08:18:36.202985+00:00, ETH-USD, 2273.4, 0.01425178
2025-06-22 08:18:36.202985+00:00, ETH-USD, 2273.4, 0.01810943
2025-06-22 08:18:36.202985+00:00, ETH-USD, 2273.4, 0.00647
2025-06-22 08:18:36.202985+00:00, ETH-USD, 2273.39, 0.43238667
2025-06-22 08:18:36.337516+00:00, BTC-USD, 102472.36, 6.928e-05
2025-06-22 08:18:36.345426+00:00, ETH-USD, 2273.28, 0.00303375
2025-06-22 08:18:36.457745+00:00, ETH-USD, 2273.27, 0.08807
2025-06-22 08:18:36.484539+00:00, ETH-USD, 2273.25, 0.02230967
2025-06-22 08:18:37.945224+00:00, BTC-USD, 102472.37, 4.129e-05
2025-06-22 08:18:41.085204+00:00, BTC-USD, 102472.37, 0.00183
2025-06-22 08:18:41.956982+00:00, BTC-USD, 102472.36, 5.9e-07
2025-06-22 08:18:42.315509+00:00, BTC-USD, 102472.36, 6e-07
2025-06-22 08:18:43.332162+00:00, ETH-USD, 2273.25, 0.21774992
2025-06-22 08:18:43.352037+00:00, BTC-USD, 102472.37, 1.7e-07
2025-06-22 08:18:43.814961+00:00, ETH-USD, 2273.24, 0.001
2025-06-22 08:18:43.814961+00:00, ETH-USD, 2273.24, 0.0061894
2025-06-22 08:18:43.814961+00:00, ETH-USD, 2273.24, 0.01270433
2025-06-22 08:18:43.814961+00:00, ETH-USD, 2273.24, 0.01452112
2025-06-22 08:18:43.814961+00:00, ETH-USD, 2273.24, 0.00855167
2025-06-22 08:18:43.814961+00:00, ETH-USD, 2273.24, 0.00712639
2025-06-22 08:18:43.814961+00:00, ETH-USD, 2273.24, 4.39e-06
2025-06-22 08:18:43.814961+00:00, ETH-USD, 2273.24, 0.01237
2025-06-22 08:18:43.814961+00:00, ETH-USD, 2273.24, 4.39e-06
2025-06-22 08:18:43.859910+00:00, BTC-USD, 102472.37, 1.8e-07
2025-06-22 08:18:44.024088+00:00, BTC-USD, 102472.37, 0.00018401
2025-06-22 08:18:44.332331+00:00, ETH-USD, 2273.08, 0.0002067
2025-06-22 08:18:44.332331+00:00, ETH-USD, 2273.08, 0.0010406
2025-06-22 08:18:44.332331+00:00, ETH-USD, 2273.08, 1.4
2025-06-22 08:18:44.332331+00:00, ETH-USD, 2273.08, 0.5
2025-06-22 08:18:45.089710+00:00, BTC-USD, 102472.39, 7.035e-05
2025-06-22 08:18:45.140787+00:00, BTC-USD, 102472.39, 3.874e-05
2025-06-22 08:18:45.180195+00:00, ETH-USD, 2273.67, 1.2825
2025-06-22 08:18:45.180702+00:00, ETH-USD, 2273.75, 0.001
2025-06-22 08:18:45.180702+00:00, ETH-USD, 2273.75, 0.00013973
2025-06-22 08:18:45.180702+00:00, ETH-USD, 2273.75, 0.00061998
2025-06-22 08:18:45.180702+00:00, ETH-USD, 2273.8, 0.01997029
2025-06-22 08:18:45.180725+00:00, ETH-USD, 2273.8, 0.02173
2025-06-22 08:18:45.377992+00:00, BTC-USD, 102472.47, 0.00048306
2025-06-22 08:18:45.595429+00:00, BTC-USD, 102472.38, 9.661e-05
2025-06-22 08:18:45.805800+00:00, ETH-USD, 2273.85, 0.04274077
2025-06-22 08:18:46.018608+00:00, BTC-USD, 102472.39, 1.073e-05
2025-06-22 08:18:46.053752+00:00, BTC-USD, 102472.39, 0.00017883
2025-06-22 08:18:46.289533+00:00, ETH-USD, 2273.84, 0.02
2025-06-22 08:18:46.289533+00:00, ETH-USD, 2273.84, 0.01237114
2025-06-22 08:18:46.289533+00:00, ETH-USD, 2273.84, 0.002841
2025-06-22 08:18:46.289533+00:00, ETH-USD, 2273.78, 0.21989727
2025-06-22 08:18:46.289533+00:00, ETH-USD, 2273.73, 0.336058
2025-06-22 08:18:46.289533+00:00, ETH-USD, 2273.67, 0.21785306
2025-06-22 08:18:46.289533+00:00, ETH-USD, 2273.64, 0.56089019
2025-06-22 08:18:46.289533+00:00, ETH-USD, 2273.63, 0.60158935
2025-06-22 08:18:46.289533+00:00, ETH-USD, 2273.59, 0.33322764
2025-06-22 08:18:46.289533+00:00, ETH-USD, 2273.57, 0.0056563
2025-06-22 08:18:46.289533+00:00, ETH-USD, 2273.57, 0.02399613
2025-06-22 08:18:46.289533+00:00, ETH-USD, 2273.56, 1.89144056
2025-06-22 08:18:46.289533+00:00, ETH-USD, 2273.55, 0.1
2025-06-22 08:18:46.289533+00:00, ETH-USD, 2273.55, 1.34054247
2025-06-22 08:18:46.289533+00:00, ETH-USD, 2273.55, 0.02758783
2025-06-22 08:18:46.298581+00:00, BTC-USD, 102472.39, 0.02051845
2025-06-22 08:18:46.298581+00:00, BTC-USD, 102472.46, 0.04982724
2025-06-22 08:18:46.298581+00:00, BTC-USD, 102472.47, 0.05344404
2025-06-22 08:18:46.763578+00:00, ETH-USD, 2273.8, 0.02177499
2025-06-22 08:18:46.945884+00:00, ETH-USD, 2273.78, 0.04397
2025-06-22 08:18:46.945884+00:00, ETH-USD, 2273.78, 4.39e-06
2025-06-22 08:18:46.945884+00:00, ETH-USD, 2273.78, 0.0051676
2025-06-22 08:18:46.945884+00:00, ETH-USD, 2273.59, 0.03085801
2025-06-22 08:18:46.974486+00:00, ETH-USD, 2273.78, 0.00982
2025-06-22 08:18:46.974486+00:00, ETH-USD, 2273.59, 0.07018
2025-06-22 08:18:47.002012+00:00, ETH-USD, 2273.78, 0.00196
2025-06-22 08:18:47.002012+00:00, ETH-USD, 2273.59, 0.04804
2025-06-22 08:18:47.030246+00:00, ETH-USD, 2273.59, 0.06877505
2025-06-22 08:18:47.030246+00:00, ETH-USD, 2273.59, 0.00122495
2025-06-22 08:18:47.058614+00:00, ETH-USD, 2273.59, 0.02213505
2025-06-22 08:18:47.058614+00:00, ETH-USD, 2273.58, 0.09786495
2025-06-22 08:18:47.087660+00:00, ETH-USD, 2273.59, 0.00442
2025-06-22 08:18:47.087660+00:00, ETH-USD, 2273.57, 0.16558
2025-06-22 08:18:47.114468+00:00, ETH-USD, 2273.57, 0.17
2025-06-22 08:18:47.626876+00:00, ETH-USD, 2273.57, 1.36100963
2025-06-22 08:18:47.626876+00:00, ETH-USD, 2273.57, 0.20544463
2025-06-22 08:18:47.626876+00:00, ETH-USD, 2273.57, 0.39582
2025-06-22 08:18:47.626876+00:00, ETH-USD, 2273.57, 0.6005617
2025-06-22 08:18:47.626876+00:00, ETH-USD, 2273.56, 1.0995971
2025-06-22 08:18:47.626876+00:00, ETH-USD, 2273.55, 1.32042544
2025-06-22 08:18:47.627052+00:00, ETH-USD, 2273.53, 1.14315657
2025-06-22 08:18:47.627052+00:00, ETH-USD, 2273.53, 0.21785306
2025-06-22 08:18:47.627052+00:00, ETH-USD, 2273.44, 0.95732774
2025-06-22 08:18:47.627052+00:00, ETH-USD, 2273.44, 0.89117532
2025-06-22 08:18:47.627052+00:00, ETH-USD, 2273.43, 1.07497276
2025-06-22 08:18:47.627266+00:00, ETH-USD, 2273.43, 0.0246871
2025-06-22 08:18:47.627266+00:00, ETH-USD, 2273.39, 1.7930276
2025-06-22 08:18:47.627266+00:00, ETH-USD, 2273.35, 0.74245652
2025-06-22 08:18:47.627356+00:00, ETH-USD, 2273.35, 1.11169554
2025-06-22 08:18:47.627356+00:00, ETH-USD, 2273.34, 1.11241754
2025-06-22 08:18:47.627356+00:00, ETH-USD, 2273.34, 0.30406579
2025-06-22 08:18:47.627356+00:00, ETH-USD, 2273.33, 1.34054247
2025-06-22 08:18:47.627356+00:00, ETH-USD, 2273.33, 0.19289691
2025-06-22 08:18:47.627356+00:00, ETH-USD, 2273.3, 0.33322764
2025-06-22 08:18:47.627356+00:00, ETH-USD, 2273.27, 0.60158935
2025-06-22 08:18:47.627356+00:00, ETH-USD, 2273.23, 0.00065963
2025-06-22 08:18:47.627356+00:00, ETH-USD, 2273.2, 0.23899037
2025-06-22 08:18:47.628744+00:00, ETH-USD, 2273.2, 0.36100963
2025-06-22 08:18:47.628744+00:00, ETH-USD, 2273.19, 1.0
2025-06-22 08:18:47.628744+00:00, ETH-USD, 2273.15, 1.29667296
2025-06-22 08:18:47.630717+00:00, ETH-USD, 2273.12, 1.34054247
2025-06-22 08:18:47.630717+00:00, ETH-USD, 2273.12, 0.2
2025-06-22 08:18:47.630717+00:00, ETH-USD, 2273.07, 0.001
2025-06-22 08:18:47.630717+00:00, ETH-USD, 2273.07, 1.40377899
2025-06-22 08:18:47.643108+00:00, ETH-USD, 2273.2, 0.19473
2025-06-22 08:18:47.646507+00:00, ETH-USD, 2273.07, 0.31939267
2025-06-22 08:18:47.646507+00:00, ETH-USD, 2273.05, 0.42291186
2025-06-22 08:18:47.732944+00:00, ETH-USD, 2273.07, 0.13284
2025-06-22 08:18:47.732944+00:00, ETH-USD, 2273.01, 0.15932932
2025-06-22 08:18:47.745160+00:00, ETH-USD, 2273.02, 0.35220955
2025-06-22 08:18:47.745160+00:00, ETH-USD, 2273.02, 0.07044
2025-06-22 08:18:47.745160+00:00, ETH-USD, 2273.0, 0.04350932
2025-06-22 08:18:47.745160+00:00, ETH-USD, 2272.92, 0.40216921
2025-06-22 08:18:47.745160+00:00, ETH-USD, 2272.9, 0.001
2025-06-22 08:18:47.745160+00:00, ETH-USD, 2272.74, 0.36250062
2025-06-22 08:18:47.745160+00:00, ETH-USD, 2272.73, 0.001
2025-06-22 08:18:47.745160+00:00, ETH-USD, 2272.6, 1.78933245
2025-06-22 08:18:47.745160+00:00, ETH-USD, 2272.6, 0.11223629
2025-06-22 08:18:48.265603+00:00, BTC-USD, 102472.68, 0.00017883
2025-06-22 08:18:48.291746+00:00, BTC-USD, 102472.68, 0.00474169
2025-06-22 08:18:49.587787+00:00, BTC-USD, 102472.37, 4.831e-05
2025-06-22 08:18:49.671571+00:00, BTC-USD, 102472.37, 0.00092998
2025-06-22 08:18:50.088176+00:00, BTC-USD, 102472.36, 0.00018895
2025-06-22 08:18:50.170490+00:00, ETH-USD, 2273.03, 0.00044418
2025-06-22 08:18:50.379064+00:00, ETH-USD, 2273.1, 0.0102386
2025-06-22 08:18:50.618426+00:00, BTC-USD, 102472.37, 0.014
2025-06-22 08:18:50.619579+00:00, BTC-USD, 102472.37, 4.589e-05
2025-06-22 08:18:51.502191+00:00, BTC-USD, 102472.37, 1.4e-07
2025-06-22 08:18:51.681763+00:00, BTC-USD, 102472.37, 0.00027061
2025-06-22 08:18:51.902861+00:00, BTC-USD, 102472.36, 2.226e-05
2025-06-22 08:18:51.908014+00:00, ETH-USD, 2273.1, 0.00097323
2025-06-22 08:18:52.461357+00:00, BTC-USD, 102472.39, 0.00711253
2025-06-22 08:18:52.753655+00:00, BTC-USD, 102472.38, 0.00025119
2025-06-22 08:18:52.799344+00:00, ETH-USD, 2273.1, 0.01524249
2025-06-22 08:18:55.990318+00:00, ETH-USD, 2273.1, 0.00011346
2025-06-22 08:18:55.990318+00:00, ETH-USD, 2273.1, 0.00047571
2025-06-22 08:18:55.990318+00:00, ETH-USD, 2273.1, 0.29999083
2025-06-22 08:18:56.005297+00:00, ETH-USD, 2273.1, 9.17e-06
2025-06-22 08:18:56.005297+00:00, ETH-USD, 2273.2, 0.3
2025-06-22 08:18:56.012415+00:00, ETH-USD, 2273.1, 0.00019659
2025-06-22 08:18:56.012415+00:00, ETH-USD, 2273.36, 0.00308055
2025-06-22 08:18:57.003683+00:00, ETH-USD, 2273.18, 0.1539
2025-06-22 08:18:57.003683+00:00, ETH-USD, 2273.18, 0.32885427
2025-06-22 08:18:57.003683+00:00, ETH-USD, 2273.12, 0.35365259
2025-06-22 08:18:57.003683+00:00, ETH-USD, 2273.09, 0.01237522
2025-06-22 08:18:57.108855+00:00, BTC-USD, 102475.89, 0.00046277
2025-06-22 08:18:57.779878+00:00, BTC-USD, 102475.53, 0.00144917
2025-06-22 08:18:57.920592+00:00, BTC-USD, 102475.5, 0.00173247
2025-06-22 08:18:57.926415+00:00, ETH-USD, 2273.36, 0.00024944
2025-06-22 08:18:57.926415+00:00, ETH-USD, 2273.4, 0.07559076
2025-06-22 08:18:59.299635+00:00, BTC-USD, 102475.66, 0.02070735
2025-06-22 08:18:59.299635+00:00, BTC-USD, 102476.44, 0.00487924
2025-06-22 08:18:59.299635+00:00, BTC-USD, 102476.65, 0.02130451
2025-06-22 08:18:59.299635+00:00, BTC-USD, 102476.65, 0.00052417
2025-06-22 08:18:59.348008+00:00, BTC-USD, 102475.66, 0.02070735
2025-06-22 08:18:59.348218+00:00, BTC-USD, 102476.66, 0.03550752
2025-06-22 08:18:59.358123+00:00, BTC-USD, 102481.37, 0.00979823
2025-06-22 08:18:59.359774+00:00, ETH-USD, 2273.4, 0.22440924
2025-06-22 08:18:59.359774+00:00, ETH-USD, 2273.4, 0.07559
2025-06-22 08:18:59.552176+00:00, BTC-USD, 102485.5, 2.947e-05
2025-06-22 08:18:59.564721+00:00, BTC-USD, 102485.51, 3.75e-06
2025-06-22 08:18:59.566093+00:00, BTC-USD, 102486.47, 1.251e-05
2025-06-22 08:19:00.078079+00:00, BTC-USD, 102486.81, 5.7e-07
2025-06-22 08:19:00.112636+00:00, ETH-USD, 2273.58, 0.001
2025-06-22 08:19:00.214112+00:00, BTC-USD, 102486.82, 1.034e-05
2025-06-22 08:19:00.214112+00:00, BTC-USD, 102489.6, 1.1e-05
2025-06-22 08:19:00.214112+00:00, BTC-USD, 102497.27, 1.886e-05
2025-06-22 08:19:00.391891+00:00, ETH-USD, 2273.75, 0.001
2025-06-22 08:19:00.805986+00:00, BTC-USD, 102497.27, 6.1e-07
2025-06-22 08:19:01.636179+00:00, BTC-USD, 102497.28, 1.8e-07
2025-06-22 08:19:02.285546+00:00, BTC-USD, 102497.28, 1.7e-07
2025-06-22 08:19:03.489168+00:00, BTC-USD, 102497.28, 1.065e-05
2025-06-22 08:19:03.489168+00:00, BTC-USD, 102497.28, 1.639e-05
2025-06-22 08:19:03.489168+00:00, BTC-USD, 102497.28, 7.511e-05
2025-06-22 08:19:03.489168+00:00, BTC-USD, 102497.28, 6.201e-05
2025-06-22 08:19:03.489168+00:00, BTC-USD, 102498.23, 9.35e-05
2025-06-22 08:19:03.688531+00:00, BTC-USD, 102502.27, 5.36e-06
2025-06-22 08:19:03.898933+00:00, BTC-USD, 102502.84, 1.932e-05
2025-06-22 08:19:04.081413+00:00, ETH-USD, 2273.99, 0.00013569
2025-06-22 08:19:04.081413+00:00, ETH-USD, 2273.99, 0.00038729
2025-06-22 08:19:04.081413+00:00, ETH-USD, 2274.0, 0.3
2025-06-22 08:19:04.271728+00:00, ETH-USD, 2274.26, 0.001
2025-06-22 08:19:05.051667+00:00, ETH-USD, 2274.42, 0.02321379
2025-06-22 08:19:05.051667+00:00, ETH-USD, 2274.43, 0.001
2025-06-22 08:19:05.051667+00:00, ETH-USD, 2274.45, 0.62985165
2025-06-22 08:19:05.051667+00:00, ETH-USD, 2274.58, 1.52781242
2025-06-22 08:19:06.401089+00:00, ETH-USD, 2274.38, 0.18468
2025-06-22 08:19:06.401089+00:00, ETH-USD, 2274.38, 0.00423851
2025-06-22 08:19:06.401089+00:00, ETH-USD, 2274.38, 0.01480403
2025-06-22 08:19:06.489557+00:00, ETH-USD, 2274.33, 0.00729885
2025-06-22 08:19:06.489557+00:00, ETH-USD, 2274.33, 0.00145
2025-06-22 08:19:06.509399+00:00, ETH-USD, 2274.31, 0.01674353
2025-06-22 08:19:07.373087+00:00, BTC-USD, 102499.67, 4.87e-06
2025-06-22 08:19:07.373087+00:00, BTC-USD, 102495.48, 0.00028686
2025-06-22 08:19:08.321523+00:00, ETH-USD, 2273.94, 0.04853
2025-06-22 08:19:08.321523+00:00, ETH-USD, 2273.94, 0.0071066
2025-06-22 08:19:08.321523+00:00, ETH-USD, 2273.94, 0.00566857
2025-06-22 08:19:08.321523+00:00, ETH-USD, 2273.94, 0.00356649
2025-06-22 08:19:08.321523+00:00, ETH-USD, 2273.93, 0.01457828
2025-06-22 08:19:08.321523+00:00, ETH-USD, 2273.92, 0.001
2025-06-22 08:19:08.321523+00:00, ETH-USD, 2273.88, 0.01649163
2025-06-22 08:19:08.321523+00:00, ETH-USD, 2273.88, 0.00558956
2025-06-22 08:19:08.321523+00:00, ETH-USD, 2273.88, 0.00951677
2025-06-22 08:19:09.192585+00:00, BTC-USD, 102495.48, 0.00790915
2025-06-22 08:19:09.192585+00:00, BTC-USD, 102495.48, 5.499e-05
2025-06-22 08:19:09.192432+00:00, ETH-USD, 2273.57, 0.15160681
2025-06-22 08:19:09.192432+00:00, ETH-USD, 2273.57, 0.03032
2025-06-22 08:19:09.192432+00:00, ETH-USD, 2273.57, 0.01036255
2025-06-22 08:19:09.192432+00:00, ETH-USD, 2273.57, 0.00178573
2025-06-22 08:19:09.196047+00:00, ETH-USD, 2273.57, 0.03881
2025-06-22 08:19:09.485945+00:00, BTC-USD, 102478.36, 0.00049
2025-06-22 08:19:09.521904+00:00, ETH-USD, 2273.42, 0.03103577
2025-06-22 08:19:09.677350+00:00, ETH-USD, 2273.41, 0.001
2025-06-22 08:19:09.828431+00:00, BTC-USD, 102477.3, 9.647e-05
2025-06-22 08:19:09.846787+00:00, BTC-USD, 102477.3, 9e-08
2025-06-22 08:19:11.184731+00:00, ETH-USD, 2273.06, 1.3
2025-06-22 08:19:11.184731+00:00, ETH-USD, 2273.06, 0.00017437
2025-06-22 08:19:11.589344+00:00, ETH-USD, 2273.19, 0.15555689
2025-06-22 08:19:11.589344+00:00, ETH-USD, 2273.2, 0.01909626
2025-06-22 08:19:12.080955+00:00, ETH-USD, 2273.15, 0.09386066
2025-06-22 08:19:12.424746+00:00, ETH-USD, 2273.22, 0.1
2025-06-22 08:19:12.424746+00:00, ETH-USD, 2273.22, 0.12
2025-06-22 08:19:13.847681+00:00, BTC-USD, 102485.13, 0.00017878
2025-06-22 08:19:14.091737+00:00, ETH-USD, 2273.3, 0.01023568
2025-06-22 08:19:14.187047+00:00, ETH-USD, 2273.36, 0.04272667
2025-06-22 08:19:15.318304+00:00, BTC-USD, 102485.01, 0.00189553
2025-06-22 08:19:15.486579+00:00, ETH-USD, 2273.37, 0.02666992
2025-06-22 08:19:15.678307+00:00, BTC-USD, 102486.83, 0.00010151
2025-06-22 08:19:16.905906+00:00, BTC-USD, 102485.63, 0.00017883
2025-06-22 08:19:18.724047+00:00, ETH-USD, 2273.2, 0.04231256
2025-06-22 08:19:18.778767+00:00, BTC-USD, 102485.62, 8.3e-07
2025-06-22 08:19:19.315715+00:00, BTC-USD, 102485.62, 9e-07
2025-06-22 08:19:20.303033+00:00, BTC-USD, 102485.63, 2.5e-07
2025-06-22 08:19:20.708314+00:00, BTC-USD, 102485.63, 0.02052626
2025-06-22 08:19:20.843582+00:00, BTC-USD, 102498.57, 2.4e-07
2025-06-22 08:19:21.678194+00:00, ETH-USD, 2273.22, 0.05060039
2025-06-22 08:19:22.012582+00:00, BTC-USD, 102491.01, 0.03722047
2025-06-22 08:19:22.012582+00:00, BTC-USD, 102491.02, 0.02070425
2025-06-22 08:19:22.012582+00:00, BTC-USD, 102494.39, 0.00975663
2025-06-22 08:19:22.012582+00:00, BTC-USD, 102494.89, 0.00700521
2025-06-22 08:19:22.012582+00:00, BTC-USD, 102496.04, 0.00975803
2025-06-22 08:19:22.012582+00:00, BTC-USD, 102496.08, 0.00195112
2025-06-22 08:19:22.012582+00:00, BTC-USD, 102498.57, 0.02327189
2025-06-22 08:19:22.012582+00:00, BTC-USD, 102499.09, 0.00334915
2025-06-22 08:19:22.012582+00:00, BTC-USD, 102500.94, 0.00975803
2025-06-22 08:19:22.012582+00:00, BTC-USD, 102500.96, 0.01168008
2025-06-22 08:19:22.541672+00:00, ETH-USD, 2273.22, 0.00112268
2025-06-22 08:19:22.541672+00:00, ETH-USD, 2273.22, 0.00212913
2025-06-22 08:19:22.541672+00:00, ETH-USD, 2273.22, 0.00106456
2025-06-22 08:19:22.541672+00:00, ETH-USD, 2273.22, 0.00053228
2025-06-22 08:19:22.541672+00:00, ETH-USD, 2273.19, 0.01237028
2025-06-22 08:19:22.541672+00:00, ETH-USD, 2273.19, 0.00848147
2025-06-22 08:19:22.541672+00:00, ETH-USD, 2273.19, 0.00426273
2025-06-22 08:19:22.541672+00:00, ETH-USD, 2273.13, 4.39e-06
2025-06-22 08:19:22.541672+00:00, ETH-USD, 2273.13, 0.00021974
2025-06-22 08:19:22.543315+00:00, ETH-USD, 2273.1, 4.39e-06
2025-06-22 08:19:22.543315+00:00, ETH-USD, 2273.09, 8.79e-06
2025-06-22 08:19:22.543315+00:00, ETH-USD, 2273.09, 0.01270957
2025-06-22 08:19:22.543315+00:00, ETH-USD, 2273.08, 1.759e-05
2025-06-22 08:19:22.543315+00:00, ETH-USD, 2273.05, 0.00038274
2025-06-22 08:19:22.543315+00:00, ETH-USD, 2273.05, 0.01296495
2025-06-22 08:19:22.543315+00:00, ETH-USD, 2273.03, 0.11023568
2025-06-22 08:19:22.543315+00:00, ETH-USD, 2272.99, 0.21997417
2025-06-22 08:19:22.543315+00:00, ETH-USD, 2272.97, 0.45177526
2025-06-22 08:19:22.543315+00:00, ETH-USD, 2272.93, 0.21785306
2025-06-22 08:19:24.956823+00:00, BTC-USD, 102481.93, 0.00055313
2025-06-22 08:19:25.057737+00:00, ETH-USD, 2273.1, 0.01281675
2025-06-22 08:19:29.665202+00:00, BTC-USD, 102488.06, 0.00140104
2025-06-22 08:19:29.665202+00:00, BTC-USD, 102488.08, 0.02070484
2025-06-22 08:19:29.665202+00:00, BTC-USD, 102490.03, 0.00975704
2025-06-22 08:19:29.665202+00:00, BTC-USD, 102492.17, 0.00409992
2025-06-22 08:19:29.665202+00:00, BTC-USD, 102495.27, 0.00195113
2025-06-22 08:19:29.665202+00:00, BTC-USD, 102495.36, 0.00802719
2025-06-22 08:19:30.266222+00:00, BTC-USD, 102490.91, 0.00042
2025-06-22 08:19:30.981436+00:00, ETH-USD, 2273.41, 0.001
2025-06-22 08:19:30.981436+00:00, ETH-USD, 2273.41, 0.00010336
2025-06-22 08:19:30.981436+00:00, ETH-USD, 2273.42, 0.00043763
2025-06-22 08:19:32.256694+00:00, ETH-USD, 2273.75, 0.001
2025-06-22 08:19:32.256694+00:00, ETH-USD, 2273.75, 0.00031005
2025-06-22 08:19:32.256694+00:00, ETH-USD, 2273.75, 0.00124
2025-06-22 08:19:33.049126+00:00, BTC-USD, 102495.28, 8.4e-07
2025-06-22 08:19:33.598156+00:00, ETH-USD, 2273.83, 0.0004551
2025-06-22 08:19:33.686293+00:00, BTC-USD, 102495.01, 8.2e-07
2025-06-22 08:19:33.784903+00:00, BTC-USD, 102493.67, 1.62e-06
2025-06-22 08:19:34.553414+00:00, BTC-USD, 102493.7, 2.4e-07
2025-06-22 08:19:35.060240+00:00, BTC-USD, 102493.7, 2.5e-07
2025-06-22 08:19:35.542417+00:00, BTC-USD, 102493.7, 4.627e-05
2025-06-22 08:19:38.514368+00:00, BTC-USD, 102493.7, 0.00023
2025-06-22 08:19:38.822803+00:00, BTC-USD, 102493.7, 0.02042695
2025-06-22 08:19:38.822803+00:00, BTC-USD, 102494.4, 0.00487844
2025-06-22 08:19:38.822803+00:00, BTC-USD, 102495.07, 0.00245945
2025-06-22 08:19:38.886660+00:00, BTC-USD, 102495.28, 0.00474124
2025-06-22 08:19:38.910283+00:00, BTC-USD, 102495.28, 0.00092549
2025-06-22 08:19:40.568145+00:00, ETH-USD, 2273.92, 8.8e-06
2025-06-22 08:19:42.491782+00:00, BTC-USD, 102493.95, 0.00013113
2025-06-22 08:19:43.111681+00:00, BTC-USD, 102495.27, 0.00487847
2025-06-22 08:19:43.111681+00:00, BTC-USD, 102498.0, 0.00975628
2025-06-22 08:19:43.111681+00:00, BTC-USD, 102499.06, 0.00468351
2025-06-22 08:19:45.358656+00:00, BTC-USD, 102495.03, 9.85e-06
2025-06-22 08:19:45.703903+00:00, BTC-USD, 102495.04, 0.0047407
2025-06-22 08:19:46.070853+00:00, BTC-USD, 102495.04, 0.00023675
2025-06-22 08:19:46.121575+00:00, ETH-USD, 2273.92, 0.0009912
2025-06-22 08:19:46.121575+00:00, ETH-USD, 2273.92, 0.00018361
2025-06-22 08:19:46.121575+00:00, ETH-USD, 2273.92, 3.27e-05
2025-06-22 08:19:46.121575+00:00, ETH-USD, 2273.92, 0.03226632
2025-06-22 08:19:46.136970+00:00, BTC-USD, 102495.04, 0.0094814
2025-06-22 08:19:46.964242+00:00, BTC-USD, 102495.04, 0.00193183
2025-06-22 08:19:47.002296+00:00, BTC-USD, 102495.03, 8.9e-07
2025-06-22 08:19:47.122967+00:00, ETH-USD, 2273.91, 0.02
2025-06-22 08:19:47.122967+00:00, ETH-USD, 2273.91, 0.024
2025-06-22 08:19:47.122967+00:00, ETH-USD, 2273.91, 0.1
2025-06-22 08:19:47.122967+00:00, ETH-USD, 2273.9, 0.00586217
2025-06-22 08:19:47.122967+00:00, ETH-USD, 2273.9, 1.319e-05
2025-06-22 08:19:47.122967+00:00, ETH-USD, 2273.83, 0.00054093
2025-06-22 08:19:47.122967+00:00, ETH-USD, 2273.83, 0.00466613
2025-06-22 08:19:47.122967+00:00, ETH-USD, 2273.83, 0.01369935
2025-06-22 08:19:47.122967+00:00, ETH-USD, 2273.79, 0.01257372
2025-06-22 08:19:47.122967+00:00, ETH-USD, 2273.79, 0.80864451
2025-06-22 08:19:47.247124+00:00, BTC-USD, 102495.04, 2.898e-05
2025-06-22 08:19:47.414236+00:00, ETH-USD, 2273.92, 0.00074642
2025-06-22 08:19:47.414236+00:00, ETH-USD, 2273.92, 0.00027736
2025-06-22 08:19:47.414236+00:00, ETH-USD, 2274.07, 0.00028233
2025-06-22 08:19:47.508149+00:00, BTC-USD, 102495.03, 8.7e-07
2025-06-22 08:19:47.560584+00:00, ETH-USD, 2274.01, 0.02090047
2025-06-22 08:19:47.888553+00:00, ETH-USD, 2274.02, 0.0001932
2025-06-22 08:19:47.888553+00:00, ETH-USD, 2274.02, 3.587e-05
2025-06-22 08:19:47.888553+00:00, ETH-USD, 2274.08, 0.00782926
2025-06-22 08:19:48.217899+00:00, BTC-USD, 102495.03, 0.00194921
2025-06-22 08:19:48.217899+00:00, BTC-USD, 102495.03, 0.00028705
2025-06-22 08:19:48.468989+00:00, ETH-USD, 2274.09, 0.001
2025-06-22 08:19:48.468989+00:00, ETH-USD, 2274.16, 0.00248278
2025-06-22 08:19:48.532672+00:00, BTC-USD, 102495.04, 0.00046373
2025-06-22 08:19:48.578565+00:00, BTC-USD, 102495.04, 2.4e-07
2025-06-22 08:19:49.062517+00:00, BTC-USD, 102495.04, 2.4e-07
2025-06-22 08:19:49.571129+00:00, ETH-USD, 2274.09, 0.00392247
2025-06-22 08:19:50.195593+00:00, BTC-USD, 102502.84, 9.659e-05
2025-06-22 08:19:50.202293+00:00, ETH-USD, 2274.26, 0.001
2025-06-22 08:19:51.391474+00:00, BTC-USD, 102502.83, 9.76e-06
2025-06-22 08:19:51.964558+00:00, BTC-USD, 102502.84, 0.00018845
2025-06-22 08:19:52.299285+00:00, BTC-USD, 102502.84, 0.00016405
2025-06-22 08:19:53.384151+00:00, ETH-USD, 2274.42, 0.2565
2025-06-22 08:19:53.384151+00:00, ETH-USD, 2274.42, 0.1
2025-06-22 08:19:53.384151+00:00, ETH-USD, 2274.42, 0.01792105
2025-06-22 08:19:53.384151+00:00, ETH-USD, 2274.42, 0.02098996
2025-06-22 08:19:53.384151+00:00, ETH-USD, 2274.31, 0.00447168
2025-06-22 08:19:53.384151+00:00, ETH-USD, 2274.31, 0.00027261
2025-06-22 08:19:53.384151+00:00, ETH-USD, 2274.31, 0.01799227
2025-06-22 08:19:53.384151+00:00, ETH-USD, 2274.3, 0.3
2025-06-22 08:19:53.384151+00:00, ETH-USD, 2274.3, 0.42185243
2025-06-22 08:19:53.395905+00:00, BTC-USD, 102502.84, 0.00994621
2025-06-22 08:19:53.395905+00:00, BTC-USD, 102502.84, 1.033e-05
2025-06-22 08:19:53.395905+00:00, BTC-USD, 102502.84, 1.252e-05
2025-06-22 08:19:53.395905+00:00, BTC-USD, 102502.84, 2.82e-06
2025-06-22 08:19:53.399323+00:00, BTC-USD, 102504.96, 1.1e-05
2025-06-22 08:19:53.411964+00:00, ETH-USD, 2274.43, 0.001
2025-06-22 08:19:53.411964+00:00, ETH-USD, 2274.43, 0.00032091
2025-06-22 08:19:53.411964+00:00, ETH-USD, 2274.43, 0.000107
2025-06-22 08:19:53.564216+00:00, ETH-USD, 2274.51, 1.0
2025-06-22 08:19:53.620888+00:00, ETH-USD, 2274.57, 1.2
2025-06-22 08:19:54.418309+00:00, ETH-USD, 2274.59, 0.00582
2025-06-22 08:19:54.418309+00:00, ETH-USD, 2274.59, 0.02282609
2025-06-22 08:19:54.418309+00:00, ETH-USD, 2274.57, 0.00883683
2025-06-22 08:19:54.418309+00:00, ETH-USD, 2274.52, 0.07251708
2025-06-22 08:19:54.743650+00:00, ETH-USD, 2274.6, 0.0005378
2025-06-22 08:19:54.743650+00:00, ETH-USD, 2274.6, 0.001
2025-06-22 08:19:55.023689+00:00, BTC-USD, 102517.76, 2.711e-05
2025-06-22 08:19:55.023689+00:00, BTC-USD, 102517.76, 6.948e-05
2025-06-22 08:19:55.025603+00:00, ETH-USD, 2274.61, 0.35838582
2025-06-22 08:19:55.025603+00:00, ETH-USD, 2274.61, 0.07167
2025-06-22 08:19:55.025603+00:00, ETH-USD, 2274.61, 0.01644677
2025-06-22 08:19:55.025603+00:00, ETH-USD, 2274.6, 0.21981886
2025-06-22 08:19:55.025603+00:00, ETH-USD, 2274.59, 0.00750904
2025-06-22 08:19:55.159399+00:00, ETH-USD, 2274.61, 0.01762
2025-06-22 08:19:55.159399+00:00, ETH-USD, 2274.61, 0.39407525
2025-06-22 08:19:55.159399+00:00, ETH-USD, 2274.61, 0.06471
2025-06-22 08:19:55.159399+00:00, ETH-USD, 2274.54, 0.34349407
2025-06-22 08:19:55.748400+00:00, ETH-USD, 2274.6, 0.33447418
2025-06-22 08:19:55.748400+00:00, ETH-USD, 2274.6, 0.06689
2025-06-22 08:19:55.748400+00:00, ETH-USD, 2274.59, 0.0070738
2025-06-22 08:19:55.748400+00:00, ETH-USD, 2274.58, 0.2198208
2025-06-22 08:19:56.198323+00:00, ETH-USD, 2274.77, 0.001
2025-06-22 08:19:56.247305+00:00, ETH-USD, 2274.75, 0.15747
2025-06-22 08:19:56.247305+00:00, ETH-USD, 2274.74, 0.02483
2025-06-22 08:19:56.247305+00:00, ETH-USD, 2274.69, 0.26107009
2025-06-22 08:19:56.247305+00:00, ETH-USD, 2274.68, 0.25662991
2025-06-22 08:19:56.269046+00:00, ETH-USD, 2274.94, 0.001
2025-06-22 08:19:56.269046+00:00, ETH-USD, 2274.97, 0.02073
2025-06-22 08:19:56.281182+00:00, ETH-BTC, 0.02219, 0.00159156
2025-06-22 08:19:56.284428+00:00, ETH-USD, 2275.0, 0.0088
2025-06-22 08:19:56.289721+00:00, ETH-USD, 2274.94, 0.33752829
2025-06-22 08:19:56.289721+00:00, ETH-USD, 2274.94, 0.0675
2025-06-22 08:19:56.289721+00:00, ETH-USD, 2274.9, 0.3
2025-06-22 08:19:56.289721+00:00, ETH-USD, 2274.87, 0.33468836
2025-06-22 08:19:56.289721+00:00, ETH-USD, 2274.8, 0.3
2025-06-22 08:19:56.289721+00:00, ETH-USD, 2274.77, 0.13735233
2025-06-22 08:19:56.289721+00:00, ETH-USD, 2274.76, 0.52293102
2025-06-22 08:19:56.413488+00:00, ETH-USD, 2275.11, 0.001
2025-06-22 08:19:56.845913+00:00, ETH-USD, 2275.15, 0.00592235
2025-06-22 08:19:56.845913+00:00, ETH-USD, 2275.16, 0.0046058
2025-06-22 08:19:56.845913+00:00, ETH-USD, 2275.17, 0.01120185
2025-06-22 08:19:56.856118+00:00, ETH-USD, 2275.17, 0.00436771
2025-06-22 08:19:56.856118+00:00, ETH-USD, 2275.18, 0.01204758
2025-06-22 08:19:56.856118+00:00, ETH-USD, 2275.19, 0.01645175
2025-06-22 08:19:56.856118+00:00, ETH-USD, 2275.2, 0.00460309
2025-06-22 08:19:56.856118+00:00, ETH-USD, 2275.21, 0.01823264
2025-06-22 08:19:56.856118+00:00, ETH-USD, 2275.22, 0.01336316
2025-06-22 08:19:56.856118+00:00, ETH-USD, 2275.23, 0.01161269
2025-06-22 08:19:56.856118+00:00, ETH-USD, 2275.24, 0.00544945
2025-06-22 08:19:56.897690+00:00, ETH-USD, 2275.28, 0.001
2025-06-22 08:19:56.947493+00:00, ETH-USD, 2275.45, 0.001
2025-06-22 08:19:56.947493+00:00, ETH-USD, 2275.53, 0.02076678
2025-06-22 08:19:57.258827+00:00, BTC-USD, 102517.75, 0.00029206
2025-06-22 08:19:57.375522+00:00, ETH-USD, 2275.23, 0.219758
2025-06-22 08:19:57.375522+00:00, ETH-USD, 2275.23, 0.04395
2025-06-22 08:19:57.375522+00:00, ETH-USD, 2275.22, 1.536292
2025-06-22 08:19:57.632975+00:00, ETH-USD, 2275.29, 0.2197522
2025-06-22 08:19:57.632975+00:00, ETH-USD, 2275.28, 0.11804
2025-06-22 08:19:57.632975+00:00, ETH-USD, 2275.27, 0.1
2025-06-22 08:19:57.632975+00:00, ETH-USD, 2275.25, 0.26107009
2025-06-22 08:19:57.632975+00:00, ETH-USD, 2275.22, 0.50113771
2025-06-22 08:19:58.378261+00:00, BTC-USD, 102517.76, 3.387e-05
2025-06-22 08:19:58.378261+00:00, BTC-USD, 102517.76, 0.00012518
2025-06-22 08:19:58.378261+00:00, BTC-USD, 102517.76, 6.8e-07
2025-06-22 08:19:58.510189+00:00, ETH-USD, 2275.33, 1.11169095
2025-06-22 08:19:58.510189+00:00, ETH-USD, 2275.33, 0.22233
2025-06-22 08:19:58.510189+00:00, ETH-USD, 2275.32, 0.36597905
2025-06-22 08:19:59.809571+00:00, ETH-USD, 2275.35, 0.04394
2025-06-22 08:19:59.809571+00:00, ETH-USD, 2275.35, 0.02040565
2025-06-22 08:19:59.809571+00:00, ETH-USD, 2275.35, 0.01399345
2025-06-22 08:19:59.809571+00:00, ETH-USD, 2275.35, 0.00442569
2025-06-22 08:20:00.281920+00:00, BTC-USD, 102520.32, 1.1e-05
2025-06-22 08:20:00.281920+00:00, BTC-USD, 102520.32, 1.034e-05
2025-06-22 08:20:00.281920+00:00, BTC-USD, 102520.32, 1.252e-05
2025-06-22 08:20:00.281920+00:00, BTC-USD, 102527.03, 6.273e-05
2025-06-22 08:20:00.846472+00:00, ETH-USD, 2275.43, 0.000416
2025-06-22 08:20:00.846472+00:00, ETH-USD, 2275.43, 0.00016716
2025-06-22 08:20:00.896127+00:00, ETH-USD, 2275.44, 0.00783
2025-06-22 08:20:00.896127+00:00, ETH-USD, 2275.41, 0.1
2025-06-22 08:20:00.896127+00:00, ETH-USD, 2275.37, 1.00041085
2025-06-22 08:20:00.956547+00:00, BTC-USD, 102528.0, 1.1e-05
2025-06-22 08:20:00.956547+00:00, BTC-USD, 102528.0, 8e-06
2025-06-22 08:20:00.956547+00:00, BTC-USD, 102528.0, 3.2e-07
2025-06-22 08:20:01.099593+00:00, BTC-USD, 102527.99, 6.1e-07
2025-06-22 08:20:01.255616+00:00, ETH-USD, 2275.54, 0.85617422
2025-06-22 08:20:01.265910+00:00, ETH-USD, 2275.53, 0.01220075
2025-06-22 08:20:01.272295+00:00, ETH-USD, 2275.54, 0.00961497
2025-06-22 08:20:01.321623+00:00, ETH-USD, 2275.62, 0.001
2025-06-22 08:20:01.623478+00:00, BTC-USD, 102527.99, 5.9e-07
2025-06-22 08:20:01.653777+00:00, ETH-USD, 2275.53, 0.00938
2025-06-22 08:20:01.653777+00:00, ETH-USD, 2275.44, 0.01231126
2025-06-22 08:20:01.872128+00:00, ETH-USD, 2275.53, 0.00649079
2025-06-22 08:20:01.872128+00:00, ETH-USD, 2275.53, 0.00129
2025-06-22 08:20:01.872128+00:00, ETH-USD, 2275.44, 0.0110073
2025-06-22 08:20:01.872128+00:00, ETH-USD, 2275.4, 0.3
2025-06-22 08:20:01.879114+00:00, ETH-USD, 2275.35, 0.01521524
2025-06-22 08:20:01.879114+00:00, ETH-USD, 2275.35, 0.00595073
2025-06-22 08:20:01.879114+00:00, ETH-USD, 2275.35, 0.07839789
2025-06-22 08:20:01.931883+00:00, ETH-USD, 2275.31, 0.01273233
2025-06-22 08:20:01.931883+00:00, ETH-USD, 2275.31, 0.00254
2025-06-22 08:20:01.931883+00:00, ETH-USD, 2275.29, 0.01717583
2025-06-22 08:20:02.594326+00:00, BTC-USD, 102527.03, 0.0012493
2025-06-22 08:20:02.619871+00:00, BTC-USD, 102527.03, 1.8e-07
2025-06-22 08:20:03.029726+00:00, ETH-USD, 2275.16, 0.00222401
2025-06-22 08:20:03.029726+00:00, ETH-USD, 2275.16, 0.01198597
2025-06-22 08:20:03.029726+00:00, ETH-USD, 2275.16, 0.01633731
2025-06-22 08:20:03.202264+00:00, ETH-USD, 2275.14, 0.01095756
2025-06-22 08:20:03.202264+00:00, ETH-USD, 2275.14, 0.00219
2025-06-22 08:20:03.202264+00:00, ETH-USD, 2274.84, 0.08685244
2025-06-22 08:20:03.265790+00:00, BTC-USD, 102527.03, 1.7e-07
2025-06-22 08:20:04.627143+00:00, BTC-USD, 102527.03, 4.828e-05
2025-06-22 08:20:05.938434+00:00, BTC-USD, 102527.03, 9.656e-05
2025-06-22 08:20:06.093259+00:00, BTC-USD, 102527.02, 0.00110975
2025-06-22 08:20:06.093259+00:00, BTC-USD, 102527.02, 8.036e-05
2025-06-22 08:20:06.093259+00:00, BTC-USD, 102523.47, 0.00975803
2025-06-22 08:20:06.093259+00:00, BTC-USD, 102522.98, 0.00195041
2025-06-22 08:20:06.106237+00:00, ETH-USD, 2274.86, 0.0042596
2025-06-22 08:20:06.106237+00:00, ETH-USD, 2274.86, 8.79e-06
2025-06-22 08:20:06.106237+00:00, ETH-USD, 2274.86, 0.0123612
2025-06-22 08:20:06.106238+00:00, ETH-USD, 2274.84, 0.00847532
2025-06-22 08:20:06.106238+00:00, ETH-USD, 2274.84, 1.758e-05
2025-06-22 08:20:06.106238+00:00, ETH-USD, 2274.78, 0.44270702
2025-06-22 08:20:06.111466+00:00, ETH-USD, 2274.77, 0.001
2025-06-22 08:20:07.554935+00:00, BTC-USD, 102520.32, 0.01
2025-06-22 08:20:07.746436+00:00, BTC-USD, 102520.31, 0.00029264
2025-06-22 08:20:08.398014+00:00, ETH-USD, 2274.55, 0.04168526
2025-06-22 08:20:10.656078+00:00, BTC-USD, 102520.32, 0.0030856
2025-06-22 08:20:10.656078+00:00, BTC-USD, 102520.32, 1.267e-05
2025-06-22 08:20:10.656078+00:00, BTC-USD, 102520.33, 0.00038719
2025-06-22 08:20:11.057256+00:00, ETH-USD, 2274.6, 1.0
2025-06-22 08:20:11.057256+00:00, ETH-USD, 2274.6, 0.1
2025-06-22 08:20:11.057256+00:00, ETH-USD, 2274.6, 0.1
2025-06-22 08:20:11.325735+00:00, ETH-USD, 2275.04, 0.00010335
2025-06-22 08:20:11.325735+00:00, ETH-USD, 2275.12, 0.01232609
2025-06-22 08:20:12.939303+00:00, ETH-USD, 2274.69, 0.09
2025-06-22 08:20:14.711778+00:00, BTC-USD, 102520.31, 7.841e-05
2025-06-22 08:20:14.972755+00:00, BTC-USD, 102520.31, 0.00013619
2025-06-22 08:20:16.711932+00:00, BTC-USD, 102520.32, 8.703e-05
2025-06-22 08:20:17.597076+00:00, BTC-USD, 102520.31, 0.00132998
2025-06-22 08:20:19.358117+00:00, BTC-USD, 102520.31, 2.875e-05
2025-06-22 08:20:19.367922+00:00, BTC-USD, 102520.31, 6.2e-07
2025-06-22 08:20:19.887954+00:00, BTC-USD, 102520.31, 5.9e-07
2025-06-22 08:20:20.507111+00:00, ETH-USD, 2274.75, 0.0408
2025-06-22 08:20:20.586207+00:00, ETH-USD, 2274.75, 0.0199
2025-06-22 08:20:20.753388+00:00, ETH-USD, 2274.74, 0.07018
2025-06-22 08:20:20.753388+00:00, ETH-USD, 2274.74, 0.00118541
2025-06-22 08:20:20.753388+00:00, ETH-USD, 2274.74, 0.01236624
2025-06-22 08:20:20.753388+00:00, ETH-USD, 2274.74, 0.00118694
2025-06-22 08:20:20.920148+00:00, BTC-USD, 102520.32, 1.8e-07
2025-06-22 08:20:21.544916+00:00, BTC-USD, 102520.32, 1.7e-07
2025-06-22 08:20:22.436763+00:00, ETH-USD, 2274.69, 4.39e-06
2025-06-22 08:20:22.436763+00:00, ETH-USD, 2274.69, 0.0135447
2025-06-22 08:20:22.436763+00:00, ETH-USD, 2274.69, 0.0027
2025-06-22 08:20:22.472394+00:00, BTC-USD, 102520.32, 0.00047105
2025-06-22 08:20:22.977437+00:00, BTC-USD, 102520.32, 5.36e-06
2025-06-22 08:20:23.616377+00:00, BTC-USD, 102520.32, 5.454e-05
2025-06-22 08:20:24.851962+00:00, BTC-USD, 102520.32, 0.00036792
2025-06-22 08:20:25.458958+00:00, ETH-USD, 2274.51, 0.11
2025-06-22 08:20:25.558378+00:00, BTC-USD, 102520.32, 0.00024287
2025-06-22 08:20:26.317856+00:00, BTC-USD, 102520.31, 0.0002637
2025-06-22 08:20:27.302182+00:00, BTC-USD, 102520.31, 0.00069248
2025-06-22 08:20:27.302182+00:00, BTC-USD, 102520.31, 0.01535239
2025-06-22 08:20:27.302182+00:00, BTC-USD, 102520.31, 0.03164347
2025-06-22 08:20:27.302182+00:00, BTC-USD, 102520.31, 2.314e-05
2025-06-22 08:20:27.832300+00:00, BTC-USD, 102520.31, 0.00620643
2025-06-22 08:20:27.832300+00:00, BTC-USD, 102520.31, 2.538e-05
2025-06-22 08:20:27.832300+00:00, BTC-USD, 102520.31, 0.00057876
2025-06-22 08:20:27.935559+00:00, ETH-USD, 2274.5, 0.01236315
2025-06-22 08:20:27.935559+00:00, ETH-USD, 2274.5, 0.00247
2025-06-22 08:20:27.935559+00:00, ETH-USD, 2274.5, 4.39e-06
2025-06-22 08:20:27.935559+00:00, ETH-USD, 2274.5, 0.01236315
2025-06-22 08:20:27.935559+00:00, ETH-USD, 2274.5, 0.00296
2025-06-22 08:20:27.935559+00:00, ETH-USD, 2274.5, 0.00177621
2025-06-22 08:20:27.935559+00:00, ETH-USD, 2274.5, 0.02541217
2025-06-22 08:20:27.935559+00:00, ETH-USD, 2274.5, 0.00603
2025-06-22 08:20:27.935559+00:00, ETH-USD, 2274.48, 0.00872287
2025-06-22 08:20:27.935559+00:00, ETH-USD, 2274.48, 0.01054746
2025-06-22 08:20:28.374945+00:00, ETH-USD, 2274.26, 0.001
2025-06-22 08:20:28.374945+00:00, ETH-USD, 2274.26, 0.01045175
2025-06-22 08:20:28.374945+00:00, ETH-USD, 2274.26, 0.00229
2025-06-22 08:20:28.374945+00:00, ETH-USD, 2274.09, 0.001
2025-06-22 08:20:28.374945+00:00, ETH-USD, 2274.03, 0.04525825
2025-06-22 08:20:28.536253+00:00, BTC-USD, 102517.75, 0.00288594
2025-06-22 08:20:28.536253+00:00, BTC-USD, 102516.23, 0.00056216
2025-06-22 08:20:28.962430+00:00, ETH-USD, 2274.03, 0.04312
2025-06-22 08:20:28.962430+00:00, ETH-USD, 2274.03, 0.00128068
2025-06-22 08:20:30.488063+00:00, BTC-USD, 102516.24, 8.47e-05
2025-06-22 08:20:31.803753+00:00, ETH-USD, 2274.12, 8.79e-06
2025-06-22 08:20:31.803753+00:00, ETH-USD, 2274.12, 0.01236522
2025-06-22 08:20:31.803753+00:00, ETH-USD, 2274.12, 4.39e-06
2025-06-22 08:20:31.803753+00:00, ETH-USD, 2274.12, 4.39e-06
2025-06-22 08:20:32.624485+00:00, ETH-USD, 2274.04, 0.12982
2025-06-22 08:20:32.624485+00:00, ETH-USD, 2274.04, 0.08649229
2025-06-22 08:20:34.649249+00:00, BTC-USD, 102516.24, 0.00063
2025-06-22 08:20:35.632538+00:00, BTC-USD, 102516.23, 0.00016508
2025-06-22 08:20:35.632538+00:00, BTC-USD, 102513.62, 3e-05
2025-06-22 08:20:37.418542+00:00, ETH-USD, 2274.03, 1.758e-05
2025-06-22 08:20:37.418542+00:00, ETH-USD, 2274.03, 0.00415122
2025-06-22 08:20:37.418542+00:00, ETH-USD, 2274.03, 0.00083
2025-06-22 08:20:37.418542+00:00, ETH-USD, 2274.03, 4.39e-06
2025-06-22 08:20:37.418542+00:00, ETH-USD, 2274.03, 0.00236584
2025-06-22 08:20:37.418542+00:00, ETH-USD, 2274.03, 0.01195234
2025-06-22 08:20:37.418542+00:00, ETH-USD, 2274.03, 0.00303
2025-06-22 08:20:37.418542+00:00, ETH-USD, 2274.03, 0.01236571
2025-06-22 08:20:37.418542+00:00, ETH-USD, 2274.03, 4.39e-06
2025-06-22 08:20:37.418542+00:00, ETH-USD, 2273.92, 0.001
2025-06-22 08:20:37.418542+00:00, ETH-USD, 2273.84, 0.08063159
2025-06-22 08:20:37.418744+00:00, ETH-USD, 2273.84, 0.01349671
2025-06-22 08:20:37.418745+00:00, ETH-USD, 2273.79, 0.26088207
2025-06-22 08:20:37.418745+00:00, ETH-USD, 2273.76, 0.06052506
2025-06-22 08:20:37.419428+00:00, ETH-USD, 2273.76, 0.11535306
2025-06-22 08:20:37.419428+00:00, ETH-USD, 2273.75, 0.001
2025-06-22 08:20:37.419428+00:00, ETH-USD, 2273.62, 0.04128853
2025-06-22 08:20:37.419428+00:00, ETH-USD, 2273.61, 1.10588542
2025-06-22 08:20:37.419428+00:00, ETH-USD, 2273.58, 0.001
2025-06-22 08:20:37.419428+00:00, ETH-USD, 2273.54, 0.10356789
2025-06-22 08:20:37.422591+00:00, ETH-USD, 2273.54, 0.11635306
2025-06-22 08:20:37.422591+00:00, ETH-USD, 2273.49, 1.13291569
2025-06-22 08:20:37.422591+00:00, ETH-USD, 2273.47, 1.75809294
2025-06-22 08:20:37.422591+00:00, ETH-USD, 2273.46, 0.10351604
2025-06-22 08:20:37.441458+00:00, ETH-USD, 2273.84, 0.00053
2025-06-22 08:20:37.835398+00:00, ETH-USD, 2273.5, 0.012
2025-06-22 08:20:37.835398+00:00, ETH-USD, 2273.5, 0.00237959
2025-06-22 08:20:38.036933+00:00, BTC-USD, 102504.95, 8.8e-07
2025-06-22 08:20:38.120138+00:00, BTC-USD, 102504.95, 2.929e-05
2025-06-22 08:20:38.688078+00:00, BTC-USD, 102504.95, 8.2e-07
2025-06-22 08:20:39.607785+00:00, BTC-USD, 102504.96, 2.5e-07
2025-06-22 08:20:39.860954+00:00, ETH-USD, 2273.41, 0.001
2025-06-22 08:20:39.860954+00:00, ETH-USD, 2273.41, 0.00813315
2025-06-22 08:20:39.860954+00:00, ETH-USD, 2273.41, 0.01369748
2025-06-22 08:20:40.040200+00:00, BTC-USD, 102504.95, 0.00044899
2025-06-22 08:20:40.140761+00:00, BTC-USD, 102504.96, 2.6e-07
2025-06-22 08:20:42.376409+00:00, ETH-USD, 2273.51, 0.00031003
2025-06-22 08:20:42.376409+00:00, ETH-USD, 2273.51, 0.00093007
2025-06-22 08:20:43.906998+00:00, BTC-USD, 102504.96, 0.00032
2025-06-22 08:20:44.597254+00:00, ETH-USD, 2273.59, 0.00615954
2025-06-22 08:20:45.261077+00:00, ETH-USD, 2273.64, 0.09
2025-06-22 08:20:46.334625+00:00, ETH-USD, 2273.64, 0.03517
2025-06-22 08:20:46.334625+00:00, ETH-USD, 2273.64, 0.1
2025-06-22 08:20:46.334625+00:00, ETH-USD, 2273.64, 0.25483
2025-06-22 08:20:46.494203+00:00, ETH-USD, 2273.65, 0.0004134
2025-06-22 08:20:46.494203+00:00, ETH-USD, 2273.65, 0.00155002
2025-06-22 08:20:46.494203+00:00, ETH-USD, 2273.91, 0.02122324
2025-06-22 08:20:46.871373+00:00, BTC-USD, 102504.96, 0.00028981
2025-06-22 08:20:47.439884+00:00, BTC-USD, 102504.96, 2.266e-05
2025-06-22 08:20:47.813666+00:00, BTC-USD, 102504.95, 0.00010151
2025-06-22 08:20:47.886468+00:00, ETH-USD, 2273.93, 0.00219476
2025-06-22 08:20:47.961176+00:00, BTC-USD, 102504.96, 0.00048289
2025-06-22 08:20:48.974233+00:00, BTC-USD, 102504.96, 0.0003671
2025-06-22 08:20:48.983252+00:00, BTC-USD, 102504.96, 9.658e-05
2025-06-22 08:20:49.070071+00:00, ETH-USD, 2273.93, 1.33834771
2025-06-22 08:20:49.070071+00:00, ETH-USD, 2273.93, 0.8
2025-06-22 08:20:49.070071+00:00, ETH-USD, 2273.93, 0.00010334
2025-06-22 08:20:49.070071+00:00, ETH-USD, 2273.93, 0.00031
2025-06-22 08:20:49.088451+00:00, ETH-USD, 2274.03, 1.34054247
2025-06-22 08:20:49.088451+00:00, ETH-USD, 2274.04, 0.56175597
2025-06-22 08:20:49.088451+00:00, ETH-USD, 2274.05, 0.00065985
2025-06-22 08:20:49.088451+00:00, ETH-USD, 2274.05, 0.62841441
2025-06-22 08:20:49.093425+00:00, ETH-USD, 2274.09, 0.001
2025-06-22 08:20:49.093425+00:00, ETH-USD, 2274.09, 0.30618569
2025-06-22 08:20:49.093426+00:00, ETH-USD, 2274.16, 0.26088207
2025-06-22 08:20:49.095788+00:00, ETH-USD, 2274.18, 0.17587074
2025-06-22 08:20:49.095788+00:00, ETH-USD, 2274.21, 0.21985678
2025-06-22 08:20:49.185252+00:00, BTC-USD, 102504.95, 0.00268992
2025-06-22 08:20:49.289288+00:00, BTC-USD, 102504.96, 0.00017877
2025-06-22 08:20:50.359166+00:00, BTC-USD, 102504.96, 2.04e-06
2025-06-22 08:20:50.522615+00:00, BTC-USD, 102504.96, 4.829e-05
2025-06-22 08:20:50.698644+00:00, BTC-USD, 102504.96, 9.417e-05
2025-06-22 08:20:51.055610+00:00, BTC-USD, 102504.95, 0.0005
2025-06-22 08:20:51.109971+00:00, ETH-USD, 2274.03, 0.00029547
2025-06-22 08:20:51.109971+00:00, ETH-USD, 2274.03, 7.003e-05
2025-06-22 08:20:51.109971+00:00, ETH-USD, 2274.03, 0.01705281
2025-06-22 08:20:51.273855+00:00, ETH-USD, 2274.1, 0.0424726
2025-06-22 08:20:51.549122+00:00, ETH-USD, 2274.16, 0.00653201
2025-06-22 08:20:51.609679+00:00, ETH-USD, 2274.02, 0.01154773
2025-06-22 08:20:51.755768+00:00, ETH-USD, 2274.12, 0.0208532
2025-06-22 08:20:52.016575+00:00, BTC-USD, 102504.96, 0.00024145
2025-06-22 08:20:52.145233+00:00, BTC-USD, 102504.96, 0.00017877
2025-06-22 08:20:52.291573+00:00, BTC-USD, 102504.96, 0.00020307
2025-06-22 08:20:52.291573+00:00, BTC-USD, 102510.63, 0.00026805
2025-06-22 08:20:52.346135+00:00, ETH-USD, 2274.22, 0.00392249
2025-06-22 08:20:52.361799+00:00, BTC-USD, 102510.33, 8.3e-07
2025-06-22 08:20:52.728369+00:00, BTC-USD, 102510.54, 8.7e-07
2025-06-22 08:20:53.072156+00:00, ETH-USD, 2274.22, 0.20186
2025-06-22 08:20:53.370922+00:00, BTC-USD, 102510.55, 0.0004829
2025-06-22 08:20:53.707154+00:00, BTC-USD, 102510.55, 2.6e-07
2025-06-22 08:20:53.837244+00:00, BTC-USD, 102510.55, 0.0004
2025-06-22 08:20:54.148642+00:00, ETH-USD, 2274.22, 6.9e-06
2025-06-22 08:20:54.197994+00:00, BTC-USD, 102510.55, 2.5e-07
2025-06-22 08:20:54.287796+00:00, BTC-USD, 102510.55, 4.588e-05
2025-06-22 08:20:54.405963+00:00, ETH-USD, 2274.43, 0.001
2025-06-22 08:20:54.405963+00:00, ETH-USD, 2274.43, 0.00032456
2025-06-22 08:20:54.930416+00:00, BTC-USD, 102510.55, 0.00199
2025-06-22 08:20:55.125171+00:00, BTC-USD, 102520.34, 1.033e-05
2025-06-22 08:20:55.125171+00:00, BTC-USD, 102520.34, 0.00091936
2025-06-22 08:20:55.283557+00:00, BTC-USD, 102520.34, 4.829e-05
2025-06-22 08:20:55.315298+00:00, BTC-USD, 102520.34, 8.702e-05
2025-06-22 08:20:55.779729+00:00, ETH-USD, 2274.88, 6.598e-05
2025-06-22 08:20:56.175428+00:00, BTC-USD, 102520.34, 0.00145413
2025-06-22 08:20:56.175428+00:00, BTC-USD, 102520.34, 8.268e-05
2025-06-22 08:20:56.179519+00:00, BTC-USD, 102522.92, 0.06104917
2025-06-22 08:20:56.312320+00:00, BTC-USD, 102523.08, 1.1e-05
2025-06-22 08:20:56.312320+00:00, BTC-USD, 102523.08, 9.84e-06
2025-06-22 08:20:56.312320+00:00, BTC-USD, 102527.03, 3.9e-06
2025-06-22 08:20:56.312320+00:00, BTC-USD, 102528.0, 6.09e-06
2025-06-22 08:20:56.312320+00:00, BTC-USD, 102530.77, 1.1e-05
2025-06-22 08:20:56.312320+00:00, BTC-USD, 102538.1, 0.00961624
2025-06-22 08:20:56.914116+00:00, ETH-USD, 2275.17, 0.00013669
2025-06-22 08:20:56.914116+00:00, ETH-USD, 2275.26, 0.00160953
2025-06-22 08:20:58.036770+00:00, ETH-USD, 2275.1, 0.008709
2025-06-22 08:20:58.491603+00:00, ETH-USD, 2275.11, 0.04353793
2025-06-22 08:20:58.972228+00:00, ETH-USD, 2275.05, 0.00663321
2025-06-22 08:20:59.362541+00:00, BTC-USD, 102532.0, 7.789e-05
2025-06-22 08:20:59.475986+00:00, BTC-USD, 102532.0, 2e-05
2025-06-22 08:21:01.853901+00:00, ETH-BTC, 0.02219, 0.00159163
2025-06-22 08:21:01.853901+00:00, ETH-BTC, 0.02219, 0.01313036
2025-06-22 08:21:01.853901+00:00, ETH-BTC, 0.02219, 1.0
2025-06-22 08:21:03.359419+00:00, BTC-USD, 102531.99, 0.00206886
2025-06-22 08:21:04.245744+00:00, ETH-USD, 2275.12, 0.00031004
2025-06-22 08:21:04.245744+00:00, ETH-USD, 2275.12, 0.00010334
2025-06-22 08:21:04.245744+00:00, ETH-USD, 2275.28, 0.001
2025-06-22 08:21:04.848553+00:00, BTC-USD, 102525.04, 1.7e-07
2025-06-22 08:21:05.376566+00:00, ETH-USD, 2275.11, 0.00644364
2025-06-22 08:21:05.376566+00:00, ETH-USD, 2275.11, 0.01235984
2025-06-22 08:21:05.376566+00:00, ETH-USD, 2275.11, 0.00806114
2025-06-22 08:21:05.376566+00:00, ETH-USD, 2275.06, 0.02590261
2025-06-22 08:21:05.376566+00:00, ETH-USD, 2275.05, 0.01744577
2025-06-22 08:21:05.376566+00:00, ETH-USD, 2275.05, 0.01236456
2025-06-22 08:21:05.376566+00:00, ETH-USD, 2275.05, 0.00564822
2025-06-22 08:21:05.386053+00:00, ETH-USD, 2275.11, 0.00537
2025-06-22 08:21:05.489464+00:00, BTC-USD, 102525.36, 0.00048278
2025-06-22 08:21:06.284455+00:00, BTC-USD, 102525.05, 8.6e-07
2025-06-22 08:21:06.921138+00:00, BTC-USD, 102525.07, 8.3e-07
2025-06-22 08:21:07.838701+00:00, BTC-USD, 102531.19, 2.5e-07
2025-06-22 08:21:08.361924+00:00, BTC-USD, 102528.92, 2.6e-07
2025-06-22 08:21:08.401402+00:00, ETH-USD, 2274.83, 0.00847096
2025-06-22 08:21:08.401402+00:00, ETH-USD, 2274.83, 0.01466922
2025-06-22 08:21:08.401402+00:00, ETH-USD, 2274.83, 0.01455932
2025-06-22 08:21:08.401402+00:00, ETH-USD, 2274.83, 0.00607078
2025-06-22 08:21:08.401402+00:00, ETH-USD, 2274.83, 0.01822114
2025-06-22 08:21:08.401402+00:00, ETH-USD, 2274.83, 0.00303758
2025-06-22 08:21:08.401402+00:00, ETH-USD, 2274.83, 0.00112188
2025-06-22 08:21:08.401402+00:00, ETH-USD, 2274.82, 0.0105327
2025-06-22 08:21:08.502517+00:00, ETH-USD, 2274.77, 0.001
2025-06-22 08:21:08.502517+00:00, ETH-USD, 2274.77, 0.00947788
2025-06-22 08:21:08.741404+00:00, ETH-USD, 2274.78, 0.03336697
2025-06-22 08:21:08.993663+00:00, BTC-USD, 102526.64, 0.00017877
2025-06-22 08:21:09.806997+00:00, ETH-USD, 2274.77, 0.00251
2025-06-22 08:21:09.806997+00:00, ETH-USD, 2274.77, 0.02750168
2025-06-22 08:21:09.806997+00:00, ETH-USD, 2274.77, 0.00349
2025-06-22 08:21:09.806997+00:00, ETH-USD, 2274.77, 0.00475212
2025-06-22 08:21:09.806997+00:00, ETH-USD, 2274.6, 0.001
2025-06-22 08:21:09.806997+00:00, ETH-USD, 2274.6, 0.46502648
2025-06-22 08:21:10.450192+00:00, ETH-USD, 2274.6, 0.00753539
2025-06-22 08:21:10.526224+00:00, ETH-USD, 2274.43, 0.001
2025-06-22 08:21:10.526224+00:00, ETH-USD, 2274.43, 0.00475723
2025-06-22 08:21:10.526224+00:00, ETH-USD, 2274.43, 0.01184472
2025-06-22 08:21:10.526224+00:00, ETH-USD, 2274.38, 0.02173
2025-06-22 08:21:10.526781+00:00, ETH-USD, 2274.38, 0.02173
2025-06-22 08:21:10.526914+00:00, ETH-USD, 2274.38, 0.14981309
2025-06-22 08:21:10.537340+00:00, ETH-USD, 2274.38, 0.03865
2025-06-22 08:21:10.695027+00:00, BTC-USD, 102526.63, 0.00629675
2025-06-22 08:21:10.700479+00:00, ETH-USD, 2274.22, 0.27533615
2025-06-22 08:21:10.904625+00:00, BTC-USD, 102523.49, 9.417e-05
2025-06-22 08:21:11.571280+00:00, ETH-USD, 2274.16, 0.21730499
2025-06-22 08:21:11.571280+00:00, ETH-USD, 2274.16, 0.04346
2025-06-22 08:21:11.571280+00:00, ETH-USD, 2274.16, 0.38295457
2025-06-22 08:21:11.571280+00:00, ETH-USD, 2274.16, 0.08528
2025-06-22 08:21:11.571280+00:00, ETH-USD, 2274.16, 2.198e-05
2025-06-22 08:21:11.571280+00:00, ETH-USD, 2274.11, 0.21986623
2025-06-22 08:21:11.571280+00:00, ETH-USD, 2274.1, 0.32615779
2025-06-22 08:21:11.571280+00:00, ETH-USD, 2274.08, 0.10495444
2025-06-22 08:21:12.757483+00:00, BTC-USD, 102523.49, 0.0009251
2025-06-22 08:21:13.574593+00:00, ETH-USD, 2274.18, 0.02089373
2025-06-22 08:21:15.631348+00:00, ETH-USD, 2274.2, 0.02122735
2025-06-22 08:21:16.355583+00:00, BTC-USD, 102523.49, 0.00195043
2025-06-22 08:21:16.355583+00:00, BTC-USD, 102523.48, 0.00011596
2025-06-22 08:21:16.979271+00:00, BTC-USD, 102523.49, 0.00473918
2025-06-22 08:21:17.721184+00:00, ETH-USD, 2274.23, 0.12819355
2025-06-22 08:21:18.089135+00:00, BTC-USD, 102523.49, 0.00029407
2025-06-22 08:21:18.177274+00:00, BTC-USD, 102523.5, 0.00017872
2025-06-22 08:21:19.300954+00:00, ETH-USD, 2274.45, 0.04842112
2025-06-22 08:21:20.348069+00:00, BTC-USD, 102523.49, 6.1e-07
2025-06-22 08:21:21.021081+00:00, BTC-USD, 102523.49, 5.8e-07
2025-06-22 08:21:21.039244+00:00, BTC-USD, 102523.49, 0.0019492
2025-06-22 08:21:21.039244+00:00, BTC-USD, 102523.49, 0.01072482
2025-06-22 08:21:21.039244+00:00, BTC-USD, 102523.49, 7.753e-05
2025-06-22 08:21:21.039244+00:00, BTC-USD, 102523.49, 0.1282
2025-06-22 08:21:21.039244+00:00, BTC-USD, 102523.49, 0.01072482
2025-06-22 08:21:21.039244+00:00, BTC-USD, 102523.48, 0.08935252
2025-06-22 08:21:21.039244+00:00, BTC-USD, 102523.47, 0.04186594
2025-06-22 08:21:21.039244+00:00, BTC-USD, 102523.47, 0.02069769
2025-06-22 08:21:21.039244+00:00, BTC-USD, 102519.38, 0.04240748
2025-06-22 08:21:21.154907+00:00, ETH-USD, 2274.52, 0.00261193
2025-06-22 08:21:22.025511+00:00, BTC-USD, 102523.5, 1.7e-07
2025-06-22 08:21:22.102443+00:00, ETH-USD, 2274.6, 0.00348395
2025-06-22 08:21:22.108594+00:00, BTC-USD, 102522.62, 7.498e-05
2025-06-22 08:21:22.403692+00:00, BTC-USD, 102523.5, 1.7e-07
2025-06-22 08:21:24.073024+00:00, BTC-USD, 102523.49, 9.812e-05
2025-06-22 08:21:24.078009+00:00, ETH-USD, 2274.61, 0.00030999
2025-06-22 08:21:24.078009+00:00, ETH-USD, 2274.81, 0.00398723
2025-06-22 08:21:24.138427+00:00, BTC-USD, 102523.49, 2e-05
2025-06-22 08:21:24.473377+00:00, BTC-USD, 102523.5, 0.00029066
2025-06-22 08:21:24.473377+00:00, BTC-USD, 102530.6, 0.00068907
2025-06-22 08:21:24.486804+00:00, ETH-USD, 2274.61, 0.00093002
2025-06-22 08:21:24.486804+00:00, ETH-USD, 2274.77, 0.00423022
2025-06-22 08:21:27.383362+00:00, ETH-USD, 2274.61, 0.04396
2025-06-22 08:21:27.383362+00:00, ETH-USD, 2274.3, 1.1429025
2025-06-22 08:21:27.383362+00:00, ETH-USD, 2274.26, 0.001
2025-06-22 08:21:27.383362+00:00, ETH-USD, 2274.26, 0.17584446
2025-06-22 08:21:27.383362+00:00, ETH-USD, 2274.23, 0.26091014
2025-06-22 08:21:27.383362+00:00, ETH-USD, 2274.22, 0.33833032
2025-06-22 08:21:27.383362+00:00, ETH-USD, 2274.16, 0.01183733
2025-06-22 08:21:27.383362+00:00, ETH-USD, 2274.16, 0.00893516
2025-06-22 08:21:27.383362+00:00, ETH-USD, 2274.16, 0.00416857
2025-06-22 08:21:27.383362+00:00, ETH-USD, 2274.13, 0.21986353
2025-06-22 08:21:27.383362+00:00, ETH-USD, 2274.09, 0.03105022
2025-06-22 08:21:27.383362+00:00, ETH-USD, 2274.08, 0.57027166
2025-06-22 08:21:27.383362+00:00, ETH-USD, 2274.08, 0.0127656
2025-06-22 08:21:27.383362+00:00, ETH-USD, 2274.08, 0.79816051
2025-06-22 08:21:29.410130+00:00, BTC-USD, 102524.21, 0.00274963
2025-06-22 08:21:30.661957+00:00, ETH-USD, 2274.3, 0.22858
2025-06-22 08:21:30.661957+00:00, ETH-USD, 2274.3, 0.0385833
2025-06-22 08:21:30.661957+00:00, ETH-USD, 2274.3, 0.0100909
2025-06-22 08:21:31.795228+00:00, BTC-USD, 102524.2, 0.00393817
2025-06-22 08:21:35.416716+00:00, ETH-USD, 2274.31, 0.21984689
2025-06-22 08:21:35.416716+00:00, ETH-USD, 2274.31, 0.04396
2025-06-22 08:21:35.416716+00:00, ETH-USD, 2274.31, 0.03806429
2025-06-22 08:21:35.416716+00:00, ETH-USD, 2274.3, 0.01813316
2025-06-22 08:21:35.416716+00:00, ETH-USD, 2274.3, 2.198e-05
2025-06-22 08:21:35.416716+00:00, ETH-USD, 2274.28, 0.26091014
2025-06-22 08:21:35.416716+00:00, ETH-USD, 2274.16, 0.1
2025-06-22 08:21:35.416716+00:00, ETH-USD, 2274.15, 0.46256002
2025-06-22 08:21:35.416716+00:00, ETH-USD, 2274.15, 0.335786
2025-06-22 08:21:35.416716+00:00, ETH-USD, 2274.09, 0.91071752
2025-06-22 08:21:35.925082+00:00, BTC-USD, 102524.21, 8.7e-05
2025-06-22 08:21:36.113736+00:00, BTC-USD, 102524.21, 0.00023777
2025-06-22 08:21:36.113736+00:00, BTC-USD, 102525.3, 0.00068223
2025-06-22 08:21:36.715981+00:00, BTC-USD, 102525.29, 0.00048281
2025-06-22 08:21:37.460915+00:00, ETH-USD, 2274.61, 0.26091014
2025-06-22 08:21:37.460915+00:00, ETH-USD, 2274.61, 0.05218
2025-06-22 08:21:37.460915+00:00, ETH-USD, 2274.61, 0.03708767
2025-06-22 08:21:37.460915+00:00, ETH-USD, 2274.61, 0.33060064
2025-06-22 08:21:37.460915+00:00, ETH-USD, 2274.61, 0.08397
2025-06-22 08:21:37.460915+00:00, ETH-USD, 2274.61, 0.17583037
2025-06-22 08:21:37.460915+00:00, ETH-USD, 2274.52, 0.1
2025-06-22 08:21:37.460915+00:00, ETH-USD, 2274.52, 0.49789791
2025-06-22 08:21:37.460915+00:00, ETH-USD, 2274.51, 0.21982724
2025-06-22 08:21:37.460915+00:00, ETH-USD, 2274.51, 0.34909247
2025-06-22 08:21:37.460915+00:00, ETH-USD, 2274.48, 0.26091014
2025-06-22 08:21:37.460915+00:00, ETH-USD, 2274.43, 1.46383179
2025-06-22 08:21:37.460915+00:00, ETH-USD, 2274.42, 1.09917718
2025-06-22 08:21:37.460915+00:00, ETH-USD, 2274.36, 0.57868445
2025-06-22 08:21:37.487210+00:00, ETH-USD, 2274.61, 0.10414
2025-06-22 08:21:37.487210+00:00, ETH-USD, 2274.61, 0.17583037
2025-06-22 08:21:37.487210+00:00, ETH-USD, 2274.43, 0.84337213
2025-06-22 08:21:37.487210+00:00, ETH-USD, 2274.37, 0.40172711
2025-06-22 08:21:37.487210+00:00, ETH-USD, 2274.37, 0.24269
2025-06-22 08:21:37.487210+00:00, ETH-USD, 2274.36, 0.6437622
2025-06-22 08:21:37.487210+00:00, ETH-USD, 2274.33, 0.31715149
2025-06-22 08:21:37.487210+00:00, ETH-USD, 2274.31, 0.02544508
2025-06-22 08:21:37.487210+00:00, ETH-USD, 2274.31, 8.79e-06
2025-06-22 08:21:37.487210+00:00, ETH-USD, 2274.26, 0.07587283
2025-06-22 08:21:38.609814+00:00, BTC-USD, 102525.28, 6.2e-07
2025-06-22 08:21:38.996356+00:00, BTC-USD, 102525.28, 5.8e-07
2025-06-22 08:21:40.238332+00:00, BTC-USD, 102525.29, 1.7e-07
2025-06-22 08:21:40.485893+00:00, BTC-USD, 102525.29, 0.00253542
2025-06-22 08:21:40.485893+00:00, BTC-USD, 102529.1, 0.01816114
2025-06-22 08:21:40.489414+00:00, BTC-USD, 102529.1, 0.00253542
2025-06-22 08:21:40.665328+00:00, BTC-USD, 102532.0, 2.799e-05
2025-06-22 08:21:40.665328+00:00, BTC-USD, 102532.0, 0.00013129
2025-06-22 08:21:40.665328+00:00, BTC-USD, 102532.0, 1.083e-05
2025-06-22 08:21:40.665328+00:00, BTC-USD, 102532.0, 0.0026964
2025-06-22 08:21:40.665328+00:00, BTC-USD, 102532.02, 0.02069597
2025-06-22 08:21:40.672593+00:00, BTC-USD, 102533.84, 0.04568978
2025-06-22 08:21:40.675149+00:00, BTC-USD, 102533.84, 0.01153707
2025-06-22 08:21:40.675288+00:00, BTC-USD, 102533.84, 0.02912989
2025-06-22 08:21:40.687887+00:00, ETH-USD, 2274.62, 0.00031004
2025-06-22 08:21:40.695073+00:00, ETH-USD, 2274.84, 0.00010335
2025-06-22 08:21:40.755099+00:00, BTC-USD, 102538.46, 1.7e-07
2025-06-22 08:21:40.904283+00:00, BTC-USD, 102538.46, 1.083e-05
2025-06-22 08:21:40.904283+00:00, BTC-USD, 102538.46, 0.0030716
2025-06-22 08:21:40.972906+00:00, ETH-USD, 2275.44, 0.02173
2025-06-22 08:21:41.124011+00:00, ETH-USD, 2275.45, 0.001
2025-06-22 08:21:41.371581+00:00, BTC-USD, 102546.15, 1.1e-05
2025-06-22 08:21:41.371581+00:00, BTC-USD, 102546.15, 0.002618
2025-06-22 08:21:41.420439+00:00, ETH-USD, 2275.62, 0.001
2025-06-22 08:21:42.101220+00:00, BTC-USD, 102553.84, 1.1e-05
2025-06-22 08:21:42.101220+00:00, BTC-USD, 102553.84, 2.447e-05
2025-06-22 08:21:42.101220+00:00, BTC-USD, 102553.84, 0.00011266
2025-06-22 08:21:42.101220+00:00, BTC-USD, 102553.84, 8.268e-05
2025-06-22 08:21:42.101220+00:00, BTC-USD, 102561.53, 1.1e-05
2025-06-22 08:21:42.101220+00:00, BTC-USD, 102562.05, 0.00068336
2025-06-22 08:21:42.186360+00:00, BTC-USD, 102563.38, 8.7e-05
2025-06-22 08:21:42.236808+00:00, BTC-USD, 102563.38, 0.0027755
2025-06-22 08:21:42.310947+00:00, BTC-USD, 102563.38, 5.36e-06
2025-06-22 08:21:43.908871+00:00, ETH-USD, 2275.72, 0.07557
2025-06-22 08:21:43.908871+00:00, ETH-USD, 2275.71, 0.01235658
2025-06-22 08:21:43.908871+00:00, ETH-USD, 2275.46, 0.00886862
2025-06-22 08:21:44.616411+00:00, BTC-USD, 102563.38, 0.0003035
2025-06-22 08:21:45.026088+00:00, ETH-USD, 2275.71, 2.774e-05
2025-06-22 08:21:45.328926+00:00, ETH-USD, 2275.75, 0.00022056
2025-06-22 08:21:45.328926+00:00, ETH-USD, 2275.75, 0.00093004
2025-06-22 08:21:45.328926+00:00, ETH-USD, 2275.75, 0.00072345
2025-06-22 08:21:45.934546+00:00, BTC-USD, 102563.38, 1.56e-06
2025-06-22 08:21:45.934546+00:00, BTC-USD, 102563.38, 1.095e-05
2025-06-22 08:21:45.934546+00:00, BTC-USD, 102563.38, 1.41e-06
2025-06-22 08:21:45.934546+00:00, BTC-USD, 102563.4, 0.00103523
2025-06-22 08:21:47.058465+00:00, ETH-BTC, 0.02219, 0.00079584
2025-06-22 08:21:47.155259+00:00, ETH-BTC, 0.0222, 0.00189786
2025-06-22 08:21:47.391919+00:00, ETH-USD, 2275.75, 0.00031006
2025-06-22 08:21:47.391919+00:00, ETH-USD, 2275.75, 9.591e-05
2025-06-22 08:21:48.123170+00:00, ETH-USD, 2275.74, 0.00264
2025-06-22 08:21:48.123170+00:00, ETH-USD, 2275.74, 0.04343
2025-06-22 08:21:48.123170+00:00, ETH-USD, 2275.74, 0.05511
2025-06-22 08:21:48.123170+00:00, ETH-USD, 2275.74, 0.02725267
2025-06-22 08:21:48.123170+00:00, ETH-USD, 2275.74, 0.00359443
2025-06-22 08:21:48.123170+00:00, ETH-USD, 2275.71, 0.030017
2025-06-22 08:21:48.554685+00:00, ETH-USD, 2275.46, 0.02089412
2025-06-22 08:21:48.618968+00:00, ETH-USD, 2275.45, 0.04343
2025-06-22 08:21:48.618968+00:00, ETH-USD, 2275.42, 0.01657
2025-06-22 08:21:48.650552+00:00, ETH-USD, 2275.42, 0.05
2025-06-22 08:21:48.674891+00:00, ETH-USD, 2275.42, 0.08751
2025-06-22 08:21:48.674891+00:00, ETH-USD, 2275.23, 0.02249
2025-06-22 08:21:48.702891+00:00, ETH-USD, 2275.23, 0.09
2025-06-22 08:21:48.730704+00:00, ETH-USD, 2275.23, 0.06
2025-06-22 08:21:48.758724+00:00, ETH-USD, 2275.23, 0.04468446
2025-06-22 08:21:48.758724+00:00, ETH-USD, 2275.23, 0.04343
2025-06-22 08:21:48.758724+00:00, ETH-USD, 2275.21, 0.06188554
2025-06-22 08:21:48.787396+00:00, ETH-USD, 2275.24, 0.12
2025-06-22 08:21:49.338399+00:00, ETH-USD, 2275.55, 0.00869995
2025-06-22 08:21:49.536545+00:00, BTC-USD, 102563.39, 3.806e-05
2025-06-22 08:21:49.536545+00:00, BTC-USD, 102563.39, 4.055e-05
2025-06-22 08:21:49.542123+00:00, ETH-USD, 2275.51, 0.00344107
2025-06-22 08:21:49.806598+00:00, BTC-USD, 102563.4, 8.7e-05
2025-06-22 08:21:50.324226+00:00, BTC-USD, 102563.4, 4.828e-05
2025-06-22 08:21:50.349178+00:00, BTC-USD, 102563.4, 9.183e-05
2025-06-22 08:21:50.353247+00:00, BTC-USD, 102563.4, 0.00094186
2025-06-22 08:21:50.452008+00:00, BTC-USD, 102563.39, 0.00088357
2025-06-22 08:21:50.642449+00:00, BTC-USD, 102563.39, 0.00799546
2025-06-22 08:21:50.642449+00:00, BTC-USD, 102563.37, 0.00036362
2025-06-22 08:21:50.642449+00:00, BTC-USD, 102561.95, 0.01204365
2025-06-22 08:21:50.642449+00:00, BTC-USD, 102561.94, 0.00837319
2025-06-22 08:21:50.642449+00:00, BTC-USD, 102561.51, 0.00194961
2025-06-22 08:21:50.642449+00:00, BTC-USD, 102561.41, 0.00974995
2025-06-22 08:21:50.642449+00:00, BTC-USD, 102558.8, 0.09537109
2025-06-22 08:21:50.642449+00:00, BTC-USD, 102558.8, 0.04682928
2025-06-22 08:21:50.642449+00:00, BTC-USD, 102555.89, 0.02069115
2025-06-22 08:21:50.642449+00:00, BTC-USD, 102555.36, 0.08635674
2025-06-22 08:21:50.642449+00:00, BTC-USD, 102555.21, 0.04027626
2025-06-22 08:21:50.892043+00:00, ETH-USD, 2275.33, 0.00011078
2025-06-22 08:21:50.892043+00:00, ETH-USD, 2275.4, 0.02164912
2025-06-22 08:21:52.033269+00:00, BTC-USD, 102561.26, 0.00048271
2025-06-22 08:21:52.042899+00:00, BTC-USD, 102561.26, 9.75e-06
2025-06-22 08:21:52.439603+00:00, BTC-USD, 102561.26, 1.926e-05
2025-06-22 08:21:52.439603+00:00, BTC-USD, 102561.28, 0.0023495
2025-06-22 08:21:52.719487+00:00, BTC-USD, 102561.28, 0.00024135
2025-06-22 08:21:52.999265+00:00, BTC-USD, 102561.27, 0.00092944
2025-06-22 08:21:53.542174+00:00, BTC-USD, 102561.27, 0.00182576
2025-06-22 08:21:53.542174+00:00, BTC-USD, 102561.28, 0.00529361
2025-06-22 08:21:53.562991+00:00, BTC-USD, 102561.28, 0.00036704
2025-06-22 08:21:54.000193+00:00, BTC-USD, 102561.26, 0.0006029
2025-06-22 08:21:54.060654+00:00, BTC-USD, 102561.26, 0.00024134
2025-06-22 08:21:55.421037+00:00, BTC-USD, 102561.26, 0.00024135
2025-06-22 08:21:55.624122+00:00, BTC-USD, 102561.25, 0.00167464
2025-06-22 08:21:55.624122+00:00, BTC-USD, 102560.91, 0.0605275
2025-06-22 08:21:55.624122+00:00, BTC-USD, 102560.9, 0.03579786
2025-06-22 08:21:56.470560+00:00, BTC-USD, 102561.26, 0.00022693
2025-06-22 08:21:56.698803+00:00, ETH-USD, 2275.51, 0.0091001
2025-06-22 08:21:57.227746+00:00, BTC-USD, 102561.25, 8.5e-07
2025-06-22 08:21:57.709803+00:00, BTC-USD, 102561.25, 8.6e-07
2025-06-22 08:21:57.718431+00:00, BTC-USD, 102561.26, 0.00203348
2025-06-22 08:21:57.718431+00:00, BTC-USD, 102561.26, 1.034e-05
2025-06-22 08:21:57.718431+00:00, BTC-USD, 102562.08, 0.0206899
2025-06-22 08:21:58.033665+00:00, BTC-USD, 102563.4, 1.409e-05
2025-06-22 08:21:58.033665+00:00, BTC-USD, 102563.4, 3.8e-06
2025-06-22 08:21:58.033665+00:00, BTC-USD, 102563.4, 7.865e-05
2025-06-22 08:21:58.259074+00:00, ETH-USD, 2275.55, 0.00010338
2025-06-22 08:21:58.259074+00:00, ETH-USD, 2275.86, 0.0001911
2025-06-22 08:21:58.259074+00:00, ETH-USD, 2275.89, 0.03981398
2025-06-22 08:21:58.259074+00:00, ETH-USD, 2275.91, 0.09033259
2025-06-22 08:21:58.276760+00:00, ETH-USD, 2275.91, 5.27e-05
2025-06-22 08:21:58.294572+00:00, ETH-USD, 2275.88, 4.39e-06
2025-06-22 08:21:58.728529+00:00, BTC-USD, 102563.4, 2.5e-07
2025-06-22 08:21:59.232227+00:00, BTC-USD, 102563.4, 2.4e-07
2025-06-22 08:22:00.037675+00:00, BTC-USD, 102563.4, 0.00017874
2025-06-22 08:22:00.126361+00:00, ETH-USD, 2275.74, 0.00042892
2025-06-22 08:22:00.126361+00:00, ETH-USD, 2275.79, 0.01088642
2025-06-22 08:22:00.351503+00:00, ETH-USD, 2275.79, 0.04
2025-06-22 08:22:01.266844+00:00, ETH-USD, 2275.79, 0.00031001
2025-06-22 08:22:01.266844+00:00, ETH-USD, 2275.79, 0.00010336
2025-06-22 08:22:01.266844+00:00, ETH-USD, 2275.89, 0.00013409
2025-06-22 08:22:02.747483+00:00, BTC-USD, 102563.4, 8.697e-05
2025-06-22 08:22:04.164657+00:00, BTC-USD, 102563.4, 0.00258675
2025-06-22 08:22:04.164657+00:00, BTC-USD, 102563.4, 2.73e-06
2025-06-22 08:22:04.164657+00:00, BTC-USD, 102563.4, 2.504e-05
2025-06-22 08:22:04.164657+00:00, BTC-USD, 102563.4, 1.033e-05
2025-06-22 08:22:04.179645+00:00, ETH-USD, 2275.89, 0.00012119
2025-06-22 08:22:04.179645+00:00, ETH-USD, 2275.96, 0.001
2025-06-22 08:22:04.210807+00:00, ETH-USD, 2276.13, 0.001
2025-06-22 08:22:04.210807+00:00, ETH-USD, 2276.17, 0.00988445
2025-06-22 08:22:04.242503+00:00, BTC-USD, 102569.22, 1.1e-05
2025-06-22 08:22:04.342245+00:00, ETH-USD, 2276.17, 0.65423172
2025-06-22 08:22:04.797778+00:00, BTC-USD, 102576.91, 1.1e-05
2025-06-22 08:22:04.797778+00:00, BTC-USD, 102576.91, 0.0030576
2025-06-22 08:22:04.797778+00:00, BTC-USD, 102582.35, 0.00919393
2025-06-22 08:22:05.153405+00:00, ETH-USD, 2276.22, 0.00217508
2025-06-22 08:22:05.253286+00:00, BTC-USD, 102584.6, 1.1e-05
2025-06-22 08:22:05.253286+00:00, BTC-USD, 102584.6, 1.796e-05
2025-06-22 08:22:05.657147+00:00, ETH-USD, 2276.22, 0.35738237
2025-06-22 08:22:05.695337+00:00, BTC-USD, 102584.6, 0.00241314
2025-06-22 08:22:06.503419+00:00, BTC-USD, 102584.6, 0.0004865
2025-06-22 08:22:06.503419+00:00, BTC-USD, 102584.6, 5.55e-06
2025-06-22 08:22:06.503419+00:00, BTC-USD, 102584.6, 1.251e-05
2025-06-22 08:22:06.503419+00:00, BTC-USD, 102584.6, 1.034e-05
2025-06-22 08:22:06.503419+00:00, BTC-USD, 102589.25, 0.00133472
2025-06-22 08:22:06.753795+00:00, BTC-USD, 102585.76, 0.00236962
2025-06-22 08:22:06.832206+00:00, BTC-USD, 102585.75, 0.00015999
2025-06-22 08:22:07.599473+00:00, BTC-USD, 102585.75, 0.00057823
2025-06-22 08:22:08.214275+00:00, ETH-USD, 2276.3, 0.001
2025-06-22 08:22:08.214275+00:00, ETH-USD, 2276.3, 0.00010337
2025-06-22 08:22:08.673448+00:00, ETH-BTC, 0.02219, 0.00079579
2025-06-22 08:22:08.674977+00:00, ETH-USD, 2276.47, 0.001
2025-06-22 08:22:09.273861+00:00, ETH-USD, 2276.64, 0.000792
2025-06-22 08:22:09.619346+00:00, BTC-USD, 102585.75, 0.00972672
2025-06-22 08:22:11.377826+00:00, BTC-USD, 102585.75, 8.2e-07
2025-06-22 08:22:11.661312+00:00, ETH-USD, 2276.64, 0.000208
2025-06-22 08:22:11.661312+00:00, ETH-USD, 2276.64, 0.00049884
2025-06-22 08:22:11.661312+00:00, ETH-USD, 2276.64, 0.00010334
2025-06-22 08:22:11.661312+00:00, ETH-USD, 2276.75, 7.736e-05
2025-06-22 08:22:11.876713+00:00, BTC-USD, 102585.75, 8.4e-07
2025-06-22 08:22:12.414733+00:00, ETH-USD, 2276.78, 1.34054247
2025-06-22 08:22:12.414846+00:00, ETH-USD, 2276.82, 0.65542343
2025-06-22 08:22:12.415136+00:00, ETH-USD, 2276.86, 0.30417947
2025-06-22 08:22:12.415136+00:00, ETH-USD, 2276.88, 0.32823865
2025-06-22 08:22:12.415136+00:00, ETH-USD, 2276.89, 0.28840936
2025-06-22 08:22:12.415136+00:00, ETH-USD, 2276.89, 0.23955319
2025-06-22 08:22:12.415751+00:00, ETH-USD, 2276.93, 0.26047831
2025-06-22 08:22:12.415751+00:00, ETH-USD, 2276.95, 0.48367102
2025-06-22 08:22:12.415751+00:00, ETH-USD, 2276.98, 0.001
2025-06-22 08:22:12.415751+00:00, ETH-USD, 2276.98, 0.17567815
2025-06-22 08:22:12.415751+00:00, ETH-USD, 2277.02, 1.57382548
2025-06-22 08:22:12.415751+00:00, ETH-USD, 2277.02, 0.6203021
2025-06-22 08:22:12.415751+00:00, ETH-USD, 2277.03, 1.34054247
2025-06-22 08:22:12.415751+00:00, ETH-USD, 2277.05, 0.21959309
2025-06-22 08:22:12.415751+00:00, ETH-USD, 2277.07, 0.30108091
2025-06-22 08:22:12.415868+00:00, ETH-USD, 2277.07, 0.98141909
2025-06-22 08:22:12.415868+00:00, ETH-USD, 2277.1, 0.28252896
2025-06-22 08:22:12.415907+00:00, ETH-USD, 2277.1, 0.85959509
2025-06-22 08:22:12.415979+00:00, ETH-USD, 2277.13, 4.20915065
2025-06-22 08:22:12.415979+00:00, ETH-USD, 2277.13, 1.60638227
2025-06-22 08:22:12.415979+00:00, ETH-USD, 2277.14, 6.286
2025-06-22 08:22:12.415979+00:00, ETH-USD, 2277.14, 0.13851601
2025-06-22 08:22:12.416107+00:00, ETH-USD, 2277.14, 0.06123239
2025-06-22 08:22:12.416107+00:00, ETH-USD, 2277.17, 0.2
2025-06-22 08:22:12.416107+00:00, ETH-USD, 2277.17, 0.4
2025-06-22 08:22:12.416107+00:00, ETH-USD, 2277.18, 0.26047831
2025-06-22 08:22:12.416107+00:00, ETH-USD, 2277.18, 0.21957068
2025-06-22 08:22:12.416107+00:00, ETH-USD, 2277.19, 1.09784461
2025-06-22 08:22:12.416107+00:00, ETH-USD, 2277.21, 0.2
2025-06-22 08:22:12.416107+00:00, ETH-USD, 2277.21, 0.8
2025-06-22 08:22:12.416107+00:00, ETH-USD, 2277.21, 0.4
2025-06-22 08:22:12.416107+00:00, ETH-USD, 2277.24, 0.02407587
2025-06-22 08:22:12.421251+00:00, BTC-USD, 102585.76, 1.26e-06
2025-06-22 08:22:12.421251+00:00, BTC-USD, 102585.76, 9.47e-06
2025-06-22 08:22:12.421251+00:00, BTC-USD, 102585.76, 1.033e-05
2025-06-22 08:22:12.421251+00:00, BTC-USD, 102588.45, 0.02068458
2025-06-22 08:22:12.416178+00:00, ETH-USD, 2277.24, 0.23769268
2025-06-22 08:22:12.416178+00:00, ETH-USD, 2277.27, 2.75480533
2025-06-22 08:22:12.416307+00:00, ETH-USD, 2277.27, 0.0984521
2025-06-22 08:22:12.416307+00:00, ETH-USD, 2277.27, 1.50735769
2025-06-22 08:22:12.416497+00:00, ETH-USD, 2277.28, 1.09780194
2025-06-22 08:22:12.417007+00:00, ETH-USD, 2277.3, 1.2825
2025-06-22 08:22:12.417007+00:00, ETH-USD, 2277.3, 1.42245764
2025-06-22 08:22:12.428756+00:00, ETH-USD, 2276.96, 0.26047831
2025-06-22 08:22:12.428756+00:00, ETH-USD, 2276.98, 0.17567815
2025-06-22 08:22:12.428756+00:00, ETH-USD, 2277.3, 0.21956911
2025-06-22 08:22:12.428756+00:00, ETH-USD, 2277.31, 1.10038516
2025-06-22 08:22:12.473157+00:00, ETH-USD, 2277.32, 0.001
2025-06-22 08:22:12.506125+00:00, BTC-USD, 102589.25, 0.00366352
2025-06-22 08:22:12.506125+00:00, BTC-USD, 102589.25, 3.11e-06
2025-06-22 08:22:12.506125+00:00, BTC-USD, 102589.25, 1.479e-05
2025-06-22 08:22:12.526043+00:00, BTC-USD, 102592.29, 1.1e-05
2025-06-22 08:22:12.643921+00:00, ETH-USD, 2278.0, 0.001
2025-06-22 08:22:12.653303+00:00, BTC-USD, 102597.05, 0.01488
2025-06-22 08:22:12.653303+00:00, BTC-USD, 102597.05, 0.00731004
2025-06-22 08:22:12.653915+00:00, BTC-USD, 102597.06, 0.00499999
2025-06-22 08:22:12.705734+00:00, ETH-BTC, 0.0222, 0.02267981
2025-06-22 08:22:12.791941+00:00, BTC-USD, 102598.49, 0.00499999
2025-06-22 08:22:12.814959+00:00, ETH-USD, 2278.18, 0.02173
2025-06-22 08:22:13.043491+00:00, BTC-USD, 102599.98, 2.5e-07
2025-06-22 08:22:13.146825+00:00, BTC-USD, 102599.97, 0.01488
2025-06-22 08:22:13.146825+00:00, BTC-USD, 102599.97, 0.00030476
2025-06-22 08:22:13.146825+00:00, BTC-USD, 102599.97, 0.1282
2025-06-22 08:22:13.146825+00:00, BTC-USD, 102599.97, 0.00194886
2025-06-22 08:22:13.146825+00:00, BTC-USD, 102599.97, 0.00974563
2025-06-22 08:22:13.146825+00:00, BTC-USD, 102599.97, 3.637e-05
2025-06-22 08:22:13.146825+00:00, BTC-USD, 102599.97, 0.00520863
2025-06-22 08:22:13.146825+00:00, BTC-USD, 102599.97, 0.01367303
2025-06-22 08:22:13.146825+00:00, BTC-USD, 102599.95, 0.02068227
2025-06-22 08:22:13.146825+00:00, BTC-USD, 102598.5, 0.00974673
2025-06-22 08:22:13.146825+00:00, BTC-USD, 102593.74, 0.03057372
2025-06-22 08:22:13.421441+00:00, BTC-USD, 102599.98, 2.6e-07
2025-06-22 08:22:13.424595+00:00, ETH-USD, 2278.18, 0.26047831
2025-06-22 08:22:13.424595+00:00, ETH-USD, 2278.18, 0.05209
2025-06-22 08:22:13.426177+00:00, ETH-USD, 2278.1, 0.3
2025-06-22 08:22:13.561796+00:00, ETH-USD, 2278.1, 0.06
2025-06-22 08:22:13.565296+00:00, ETH-USD, 2278.1, 0.02037662
2025-06-22 08:22:13.572965+00:00, ETH-USD, 2278.1, 0.02049514
2025-06-22 08:22:15.450646+00:00, ETH-USD, 2277.8, 0.2565
2025-06-22 08:22:16.248370+00:00, BTC-USD, 102594.71, 0.00020753
2025-06-22 08:22:16.769019+00:00, ETH-USD, 2277.65, 0.01396
2025-06-22 08:22:17.214568+00:00, ETH-USD, 2277.55, 0.04336
2025-06-22 08:22:17.214568+00:00, ETH-USD, 2277.55, 0.00145882
2025-06-22 08:22:17.214568+00:00, ETH-USD, 2277.5, 0.03160867
2025-06-22 08:22:18.171581+00:00, ETH-USD, 2277.66, 0.00010334
2025-06-22 08:22:18.171581+00:00, ETH-USD, 2277.83, 0.00208921
2025-06-22 08:22:18.263782+00:00, ETH-USD, 2277.56, 0.00044382
2025-06-22 08:22:19.491568+00:00, ETH-USD, 2277.56, 0.04339292
2025-06-22 08:22:19.491568+00:00, ETH-USD, 2277.56, 0.01933209
2025-06-22 08:22:19.504200+00:00, ETH-USD, 2277.5, 0.06
2025-06-22 08:22:19.543760+00:00, ETH-USD, 2277.48, 0.02174753
2025-06-22 08:22:19.790755+00:00, BTC-USD, 102594.71, 1.034e-05
2025-06-22 08:22:19.790755+00:00, BTC-USD, 102594.71, 1.33e-05
2025-06-22 08:22:19.790755+00:00, BTC-USD, 102594.71, 3.7e-06
2025-06-22 08:22:19.790755+00:00, BTC-USD, 102596.79, 0.00190167
2025-06-22 08:22:19.810808+00:00, BTC-USD, 102597.65, 7.7e-07
2025-06-22 08:22:19.829318+00:00, BTC-USD, 102597.65, 9e-08
2025-06-22 08:22:19.900088+00:00, BTC-USD, 102597.65, 9.629e-05
2025-06-22 08:22:20.293482+00:00, BTC-USD, 102597.81, 0.00821042
2025-06-22 08:22:20.591135+00:00, ETH-USD, 2277.92, 0.00031001
2025-06-22 08:22:20.591135+00:00, ETH-USD, 2278.05, 0.48375605
2025-06-22 08:22:20.591135+00:00, ETH-USD, 2278.05, 0.1932025
2025-06-22 08:22:20.591135+00:00, ETH-USD, 2278.06, 0.39357276
2025-06-22 08:22:20.591135+00:00, ETH-USD, 2278.07, 0.21948483
2025-06-22 08:22:20.591135+00:00, ETH-USD, 2278.1, 0.70967385
2025-06-22 08:22:21.055659+00:00, ETH-USD, 2277.74, 0.00132593
2025-06-22 08:22:22.350905+00:00, BTC-USD, 102598.6, 0.00036268
2025-06-22 08:22:22.393179+00:00, BTC-USD, 102598.6, 0.01719302
2025-06-22 08:22:22.393179+00:00, BTC-USD, 102598.6, 1.033e-05
2025-06-22 08:22:22.393179+00:00, BTC-USD, 102599.98, 1.049e-05
2025-06-22 08:22:23.042637+00:00, ETH-USD, 2277.92, 0.00030999
2025-06-22 08:22:23.042637+00:00, ETH-USD, 2277.92, 0.00010335
2025-06-22 08:22:23.042637+00:00, ETH-USD, 2278.19, 0.01378024
2025-06-22 08:22:23.085755+00:00, ETH-USD, 2278.2, 0.00108704
2025-06-22 08:22:23.085755+00:00, ETH-USD, 2278.2, 0.00023137
2025-06-22 08:22:23.085755+00:00, ETH-USD, 2278.21, 0.01556203
2025-06-22 08:22:23.085755+00:00, ETH-USD, 2278.22, 0.00484956
2025-06-22 08:22:24.087620+00:00, ETH-USD, 2278.22, 0.00719724
2025-06-22 08:22:24.087620+00:00, ETH-USD, 2278.23, 0.00746276
2025-06-22 08:22:24.087620+00:00, ETH-USD, 2278.23, 0.00720468
2025-06-22 08:22:24.087620+00:00, ETH-USD, 2278.24, 0.00396532
2025-06-22 08:22:24.087872+00:00, ETH-USD, 2278.24, 0.00720827
2025-06-22 08:22:24.087872+00:00, ETH-USD, 2278.25, 0.00788173
2025-06-22 08:22:24.088081+00:00, ETH-USD, 2278.25, 0.00721617
2025-06-22 08:22:24.088081+00:00, ETH-USD, 2278.26, 0.00568383
2025-06-22 08:22:24.099449+00:00, ETH-USD, 2278.26, 0.00722354
2025-06-22 08:22:24.118115+00:00, ETH-USD, 2278.27, 0.00502797
2025-06-22 08:22:24.129368+00:00, ETH-USD, 2278.28, 0.0050213
2025-06-22 08:22:24.604273+00:00, BTC-USD, 102607.66, 0.00194886
2025-06-22 08:22:24.604273+00:00, BTC-USD, 102607.66, 0.00084429
2025-06-22 08:22:25.089261+00:00, BTC-USD, 102607.66, 0.00196891
